%YAML 1.1
%TAG !u! tag:unity3d.com,2011:
--- !u!1 &543716317126343793
GameObject:
  m_ObjectHideFlags: 0
  m_CorrespondingSourceObject: {fileID: 0}
  m_PrefabInstance: {fileID: 0}
  m_PrefabAsset: {fileID: 0}
  serializedVersion: 6
  m_Component:
  - component: {fileID: 7989635222650003594}
  - component: {fileID: 2992983612953559625}
  - component: {fileID: 7329519202438825517}
  - component: {fileID: 8329889331852532166}
  m_Layer: 6
  m_Name: Cylinder (1)
  m_TagString: Untagged
  m_Icon: {fileID: 0}
  m_NavMeshLayer: 0
  m_StaticEditorFlags: 0
  m_IsActive: 1
--- !u!4 &7989635222650003594
Transform:
  m_ObjectHideFlags: 0
  m_CorrespondingSourceObject: {fileID: 0}
  m_PrefabInstance: {fileID: 0}
  m_PrefabAsset: {fileID: 0}
  m_GameObject: {fileID: 543716317126343793}
  m_LocalRotation: {x: -0, y: -0, z: -0, w: 1}
  m_LocalPosition: {x: 5.26, y: 7.5, z: 4.931}
  m_LocalScale: {x: 0.6666667, y: 8, z: 0.1}
  m_ConstrainProportionsScale: 0
  m_Children: []
  m_Father: {fileID: 5126600134317856070}
  m_RootOrder: 15
  m_LocalEulerAnglesHint: {x: 0, y: 0, z: 0}
--- !u!33 &2992983612953559625
MeshFilter:
  m_ObjectHideFlags: 0
  m_CorrespondingSourceObject: {fileID: 0}
  m_PrefabInstance: {fileID: 0}
  m_PrefabAsset: {fileID: 0}
  m_GameObject: {fileID: 543716317126343793}
  m_Mesh: {fileID: 10206, guid: 0000000000000000e000000000000000, type: 0}
--- !u!23 &7329519202438825517
MeshRenderer:
  m_ObjectHideFlags: 0
  m_CorrespondingSourceObject: {fileID: 0}
  m_PrefabInstance: {fileID: 0}
  m_PrefabAsset: {fileID: 0}
  m_GameObject: {fileID: 543716317126343793}
  m_Enabled: 1
  m_CastShadows: 1
  m_ReceiveShadows: 1
  m_DynamicOccludee: 1
  m_StaticShadowCaster: 0
  m_MotionVectors: 1
  m_LightProbeUsage: 1
  m_ReflectionProbeUsage: 1
  m_RayTracingMode: 2
  m_RayTraceProcedural: 0
  m_RenderingLayerMask: 1
  m_RendererPriority: 0
  m_Materials:
  - {fileID: 2100000, guid: de40382ed6a89c446a2278361932af5a, type: 2}
  m_StaticBatchInfo:
    firstSubMesh: 0
    subMeshCount: 0
  m_StaticBatchRoot: {fileID: 0}
  m_ProbeAnchor: {fileID: 0}
  m_LightProbeVolumeOverride: {fileID: 0}
  m_ScaleInLightmap: 1
  m_ReceiveGI: 1
  m_PreserveUVs: 0
  m_IgnoreNormalsForChartDetection: 0
  m_ImportantGI: 0
  m_StitchLightmapSeams: 1
  m_SelectedEditorRenderState: 3
  m_MinimumChartSize: 4
  m_AutoUVMaxDistance: 0.5
  m_AutoUVMaxAngle: 89
  m_LightmapParameters: {fileID: 0}
  m_SortingLayerID: 0
  m_SortingLayer: 0
  m_SortingOrder: 0
  m_AdditionalVertexStreams: {fileID: 0}
--- !u!136 &8329889331852532166
CapsuleCollider:
  m_ObjectHideFlags: 0
  m_CorrespondingSourceObject: {fileID: 0}
  m_PrefabInstance: {fileID: 0}
  m_PrefabAsset: {fileID: 0}
  m_GameObject: {fileID: 543716317126343793}
  m_Material: {fileID: 0}
  m_IsTrigger: 0
  m_Enabled: 1
  m_Radius: 0.5000001
  m_Height: 2
  m_Direction: 1
  m_Center: {x: 0.000000059604645, y: 0, z: -0.00000008940697}
--- !u!1 &2489730106461075793
GameObject:
  m_ObjectHideFlags: 0
  m_CorrespondingSourceObject: {fileID: 0}
  m_PrefabInstance: {fileID: 0}
  m_PrefabAsset: {fileID: 0}
  serializedVersion: 6
  m_Component:
  - component: {fileID: 7897591693255591827}
  - component: {fileID: 663247415219067844}
  - component: {fileID: 3774323573319360906}
  - component: {fileID: 4911927659091858772}
  m_Layer: 6
  m_Name: Cube (2)
  m_TagString: Untagged
  m_Icon: {fileID: 0}
  m_NavMeshLayer: 0
  m_StaticEditorFlags: 0
  m_IsActive: 1
--- !u!4 &7897591693255591827
Transform:
  m_ObjectHideFlags: 0
  m_CorrespondingSourceObject: {fileID: 0}
  m_PrefabInstance: {fileID: 0}
  m_PrefabAsset: {fileID: 0}
  m_GameObject: {fileID: 2489730106461075793}
  m_LocalRotation: {x: -0, y: -0, z: -0, w: 1}
  m_LocalPosition: {x: -10.13, y: 9.1, z: -3.519}
  m_LocalScale: {x: 0.6666667, y: 10, z: 2}
  m_ConstrainProportionsScale: 0
  m_Children: []
  m_Father: {fileID: 5126600134317856070}
  m_RootOrder: 18
  m_LocalEulerAnglesHint: {x: 0, y: 0, z: 0}
--- !u!33 &663247415219067844
MeshFilter:
  m_ObjectHideFlags: 0
  m_CorrespondingSourceObject: {fileID: 0}
  m_PrefabInstance: {fileID: 0}
  m_PrefabAsset: {fileID: 0}
  m_GameObject: {fileID: 2489730106461075793}
  m_Mesh: {fileID: 10202, guid: 0000000000000000e000000000000000, type: 0}
--- !u!23 &3774323573319360906
MeshRenderer:
  m_ObjectHideFlags: 0
  m_CorrespondingSourceObject: {fileID: 0}
  m_PrefabInstance: {fileID: 0}
  m_PrefabAsset: {fileID: 0}
  m_GameObject: {fileID: 2489730106461075793}
  m_Enabled: 1
  m_CastShadows: 1
  m_ReceiveShadows: 1
  m_DynamicOccludee: 1
  m_StaticShadowCaster: 0
  m_MotionVectors: 1
  m_LightProbeUsage: 1
  m_ReflectionProbeUsage: 1
  m_RayTracingMode: 2
  m_RayTraceProcedural: 0
  m_RenderingLayerMask: 1
  m_RendererPriority: 0
  m_Materials:
  - {fileID: 2100000, guid: cc8b776f5ba571a4ebc51dd3b1f6fc9f, type: 2}
  m_StaticBatchInfo:
    firstSubMesh: 0
    subMeshCount: 0
  m_StaticBatchRoot: {fileID: 0}
  m_ProbeAnchor: {fileID: 0}
  m_LightProbeVolumeOverride: {fileID: 0}
  m_ScaleInLightmap: 1
  m_ReceiveGI: 1
  m_PreserveUVs: 0
  m_IgnoreNormalsForChartDetection: 0
  m_ImportantGI: 0
  m_StitchLightmapSeams: 1
  m_SelectedEditorRenderState: 3
  m_MinimumChartSize: 4
  m_AutoUVMaxDistance: 0.5
  m_AutoUVMaxAngle: 89
  m_LightmapParameters: {fileID: 0}
  m_SortingLayerID: 0
  m_SortingLayer: 0
  m_SortingOrder: 0
  m_AdditionalVertexStreams: {fileID: 0}
--- !u!65 &4911927659091858772
BoxCollider:
  m_ObjectHideFlags: 0
  m_CorrespondingSourceObject: {fileID: 0}
  m_PrefabInstance: {fileID: 0}
  m_PrefabAsset: {fileID: 0}
  m_GameObject: {fileID: 2489730106461075793}
  m_Material: {fileID: 0}
  m_IsTrigger: 0
  m_Enabled: 1
  serializedVersion: 2
  m_Size: {x: 1, y: 1, z: 1}
  m_Center: {x: 0, y: 0, z: 0}
--- !u!1 &5126600134317856074
GameObject:
  m_ObjectHideFlags: 0
  m_CorrespondingSourceObject: {fileID: 0}
  m_PrefabInstance: {fileID: 0}
  m_PrefabAsset: {fileID: 0}
  serializedVersion: 6
  m_Component:
  - component: {fileID: 5126600134317856070}
  - component: {fileID: 5126600134317856071}
  - component: {fileID: 5126600134317856068}
  - component: {fileID: 5126600134317856069}
  m_Layer: 0
  m_Name: Start_Road
  m_TagString: Untagged
  m_Icon: {fileID: 0}
  m_NavMeshLayer: 0
  m_StaticEditorFlags: 0
  m_IsActive: 1
--- !u!4 &5126600134317856070
Transform:
  m_ObjectHideFlags: 0
  m_CorrespondingSourceObject: {fileID: 0}
  m_PrefabInstance: {fileID: 0}
  m_PrefabAsset: {fileID: 0}
  m_GameObject: {fileID: 5126600134317856074}
  m_LocalRotation: {x: 0, y: 0, z: 0, w: 1}
  m_LocalPosition: {x: 0, y: 0, z: 0}
  m_LocalScale: {x: 1.5, y: 1, z: 10}
  m_ConstrainProportionsScale: 0
  m_Children:
  - {fileID: 723641121929490862}
  - {fileID: 6687904841478058788}
  - {fileID: 3283099490910774232}
  - {fileID: 1578181865715955744}
  - {fileID: 6050871874455851810}
  - {fileID: 614506913740147331}
  - {fileID: 5265627533186361299}
  - {fileID: 1655265833724168580}
  - {fileID: 282211210356104602}
  - {fileID: 4558994426418835547}
  - {fileID: 157368260767491003}
  - {fileID: 6317366890826077573}
  - {fileID: 3750854641173588105}
  - {fileID: 3632547206894919625}
  - {fileID: 1915446255921014589}
  - {fileID: 7989635222650003594}
  - {fileID: 1077278541627062306}
  - {fileID: 7622418678138128012}
  - {fileID: 7897591693255591827}
  - {fileID: 108942982008815370}
  - {fileID: 5930294102918482082}
  - {fileID: 841032355677794211}
  m_Father: {fileID: 0}
  m_RootOrder: 0
  m_LocalEulerAnglesHint: {x: 0, y: 0, z: 0}
--- !u!33 &5126600134317856071
MeshFilter:
  m_ObjectHideFlags: 0
  m_CorrespondingSourceObject: {fileID: 0}
  m_PrefabInstance: {fileID: 0}
  m_PrefabAsset: {fileID: 0}
  m_GameObject: {fileID: 5126600134317856074}
  m_Mesh: {fileID: 10209, guid: 0000000000000000e000000000000000, type: 0}
--- !u!23 &5126600134317856068
MeshRenderer:
  m_ObjectHideFlags: 0
  m_CorrespondingSourceObject: {fileID: 0}
  m_PrefabInstance: {fileID: 0}
  m_PrefabAsset: {fileID: 0}
  m_GameObject: {fileID: 5126600134317856074}
  m_Enabled: 1
  m_CastShadows: 0
  m_ReceiveShadows: 0
  m_DynamicOccludee: 1
  m_StaticShadowCaster: 0
  m_MotionVectors: 1
  m_LightProbeUsage: 1
  m_ReflectionProbeUsage: 1
  m_RayTracingMode: 2
  m_RayTraceProcedural: 0
  m_RenderingLayerMask: 1
  m_RendererPriority: 0
  m_Materials:
  - {fileID: 2100000, guid: ea5ee1b69ef54f24abbc1fc5a96cbb64, type: 2}
  m_StaticBatchInfo:
    firstSubMesh: 0
    subMeshCount: 0
  m_StaticBatchRoot: {fileID: 0}
  m_ProbeAnchor: {fileID: 0}
  m_LightProbeVolumeOverride: {fileID: 0}
  m_ScaleInLightmap: 1
  m_ReceiveGI: 1
  m_PreserveUVs: 0
  m_IgnoreNormalsForChartDetection: 0
  m_ImportantGI: 0
  m_StitchLightmapSeams: 1
  m_SelectedEditorRenderState: 3
  m_MinimumChartSize: 4
  m_AutoUVMaxDistance: 0.5
  m_AutoUVMaxAngle: 89
  m_LightmapParameters: {fileID: 0}
  m_SortingLayerID: 0
  m_SortingLayer: 0
  m_SortingOrder: 0
  m_AdditionalVertexStreams: {fileID: 0}
--- !u!64 &5126600134317856069
MeshCollider:
  m_ObjectHideFlags: 0
  m_CorrespondingSourceObject: {fileID: 0}
  m_PrefabInstance: {fileID: 0}
  m_PrefabAsset: {fileID: 0}
  m_GameObject: {fileID: 5126600134317856074}
  m_Material: {fileID: 0}
  m_IsTrigger: 0
  m_Enabled: 1
  serializedVersion: 4
  m_Convex: 0
  m_CookingOptions: 30
  m_Mesh: {fileID: 10209, guid: 0000000000000000e000000000000000, type: 0}
--- !u!1 &5677660234222114513
GameObject:
  m_ObjectHideFlags: 0
  m_CorrespondingSourceObject: {fileID: 0}
  m_PrefabInstance: {fileID: 0}
  m_PrefabAsset: {fileID: 0}
  serializedVersion: 6
  m_Component:
  - component: {fileID: 1915446255921014589}
  - component: {fileID: 3500455942365744127}
  - component: {fileID: 1620050791363764641}
  - component: {fileID: 1235845191306066191}
  m_Layer: 6
  m_Name: Cylinder
  m_TagString: Untagged
  m_Icon: {fileID: 0}
  m_NavMeshLayer: 0
  m_StaticEditorFlags: 0
  m_IsActive: 1
--- !u!4 &1915446255921014589
Transform:
  m_ObjectHideFlags: 0
  m_CorrespondingSourceObject: {fileID: 0}
  m_PrefabInstance: {fileID: 0}
  m_PrefabAsset: {fileID: 0}
  m_GameObject: {fileID: 5677660234222114513}
  m_LocalRotation: {x: -0, y: -0, z: -0, w: 1}
  m_LocalPosition: {x: -5.26, y: 7.5, z: 4.931}
  m_LocalScale: {x: 0.6666667, y: 8, z: 0.1}
  m_ConstrainProportionsScale: 0
  m_Children: []
  m_Father: {fileID: 5126600134317856070}
  m_RootOrder: 14
  m_LocalEulerAnglesHint: {x: 0, y: 0, z: 0}
--- !u!33 &3500455942365744127
MeshFilter:
  m_ObjectHideFlags: 0
  m_CorrespondingSourceObject: {fileID: 0}
  m_PrefabInstance: {fileID: 0}
  m_PrefabAsset: {fileID: 0}
  m_GameObject: {fileID: 5677660234222114513}
  m_Mesh: {fileID: 10206, guid: 0000000000000000e000000000000000, type: 0}
--- !u!23 &1620050791363764641
MeshRenderer:
  m_ObjectHideFlags: 0
  m_CorrespondingSourceObject: {fileID: 0}
  m_PrefabInstance: {fileID: 0}
  m_PrefabAsset: {fileID: 0}
  m_GameObject: {fileID: 5677660234222114513}
  m_Enabled: 1
  m_CastShadows: 1
  m_ReceiveShadows: 1
  m_DynamicOccludee: 1
  m_StaticShadowCaster: 0
  m_MotionVectors: 1
  m_LightProbeUsage: 1
  m_ReflectionProbeUsage: 1
  m_RayTracingMode: 2
  m_RayTraceProcedural: 0
  m_RenderingLayerMask: 1
  m_RendererPriority: 0
  m_Materials:
  - {fileID: 2100000, guid: de40382ed6a89c446a2278361932af5a, type: 2}
  m_StaticBatchInfo:
    firstSubMesh: 0
    subMeshCount: 0
  m_StaticBatchRoot: {fileID: 0}
  m_ProbeAnchor: {fileID: 0}
  m_LightProbeVolumeOverride: {fileID: 0}
  m_ScaleInLightmap: 1
  m_ReceiveGI: 1
  m_PreserveUVs: 0
  m_IgnoreNormalsForChartDetection: 0
  m_ImportantGI: 0
  m_StitchLightmapSeams: 1
  m_SelectedEditorRenderState: 3
  m_MinimumChartSize: 4
  m_AutoUVMaxDistance: 0.5
  m_AutoUVMaxAngle: 89
  m_LightmapParameters: {fileID: 0}
  m_SortingLayerID: 0
  m_SortingLayer: 0
  m_SortingOrder: 0
  m_AdditionalVertexStreams: {fileID: 0}
--- !u!136 &1235845191306066191
CapsuleCollider:
  m_ObjectHideFlags: 0
  m_CorrespondingSourceObject: {fileID: 0}
  m_PrefabInstance: {fileID: 0}
  m_PrefabAsset: {fileID: 0}
  m_GameObject: {fileID: 5677660234222114513}
  m_Material: {fileID: 0}
  m_IsTrigger: 0
  m_Enabled: 1
  m_Radius: 0.5000001
  m_Height: 2
  m_Direction: 1
  m_Center: {x: 0.000000059604645, y: 0, z: -0.00000008940697}
--- !u!1 &5981522483622481786
GameObject:
  m_ObjectHideFlags: 0
  m_CorrespondingSourceObject: {fileID: 0}
  m_PrefabInstance: {fileID: 0}
  m_PrefabAsset: {fileID: 0}
  serializedVersion: 6
  m_Component:
  - component: {fileID: 1077278541627062306}
  - component: {fileID: 8901450641158123878}
  - component: {fileID: 3393919139286771536}
  - component: {fileID: 888992596967828195}
  m_Layer: 6
  m_Name: Cube
  m_TagString: Untagged
  m_Icon: {fileID: 0}
  m_NavMeshLayer: 0
  m_StaticEditorFlags: 0
  m_IsActive: 1
--- !u!4 &1077278541627062306
Transform:
  m_ObjectHideFlags: 0
  m_CorrespondingSourceObject: {fileID: 0}
  m_PrefabInstance: {fileID: 0}
  m_PrefabAsset: {fileID: 0}
  m_GameObject: {fileID: 5981522483622481786}
  m_LocalRotation: {x: -0, y: -0, z: -0, w: 1}
  m_LocalPosition: {x: 0, y: 13, z: 4.943}
  m_LocalScale: {x: 10.6, y: 5, z: 0.1}
  m_ConstrainProportionsScale: 0
  m_Children: []
  m_Father: {fileID: 5126600134317856070}
  m_RootOrder: 16
  m_LocalEulerAnglesHint: {x: 0, y: 0, z: 0}
--- !u!33 &8901450641158123878
MeshFilter:
  m_ObjectHideFlags: 0
  m_CorrespondingSourceObject: {fileID: 0}
  m_PrefabInstance: {fileID: 0}
  m_PrefabAsset: {fileID: 0}
  m_GameObject: {fileID: 5981522483622481786}
  m_Mesh: {fileID: 10202, guid: 0000000000000000e000000000000000, type: 0}
--- !u!23 &3393919139286771536
MeshRenderer:
  m_ObjectHideFlags: 0
  m_CorrespondingSourceObject: {fileID: 0}
  m_PrefabInstance: {fileID: 0}
  m_PrefabAsset: {fileID: 0}
  m_GameObject: {fileID: 5981522483622481786}
  m_Enabled: 1
  m_CastShadows: 1
  m_ReceiveShadows: 1
  m_DynamicOccludee: 1
  m_StaticShadowCaster: 0
  m_MotionVectors: 1
  m_LightProbeUsage: 1
  m_ReflectionProbeUsage: 1
  m_RayTracingMode: 2
  m_RayTraceProcedural: 0
  m_RenderingLayerMask: 1
  m_RendererPriority: 0
  m_Materials:
  - {fileID: 2100000, guid: b976e9cf0c87a6c4d92047487f47d4c5, type: 2}
  m_StaticBatchInfo:
    firstSubMesh: 0
    subMeshCount: 0
  m_StaticBatchRoot: {fileID: 0}
  m_ProbeAnchor: {fileID: 0}
  m_LightProbeVolumeOverride: {fileID: 0}
  m_ScaleInLightmap: 1
  m_ReceiveGI: 1
  m_PreserveUVs: 0
  m_IgnoreNormalsForChartDetection: 0
  m_ImportantGI: 0
  m_StitchLightmapSeams: 1
  m_SelectedEditorRenderState: 3
  m_MinimumChartSize: 4
  m_AutoUVMaxDistance: 0.5
  m_AutoUVMaxAngle: 89
  m_LightmapParameters: {fileID: 0}
  m_SortingLayerID: 0
  m_SortingLayer: 0
  m_SortingOrder: 0
  m_AdditionalVertexStreams: {fileID: 0}
--- !u!65 &888992596967828195
BoxCollider:
  m_ObjectHideFlags: 0
  m_CorrespondingSourceObject: {fileID: 0}
  m_PrefabInstance: {fileID: 0}
  m_PrefabAsset: {fileID: 0}
  m_GameObject: {fileID: 5981522483622481786}
  m_Material: {fileID: 0}
  m_IsTrigger: 0
  m_Enabled: 1
  serializedVersion: 2
  m_Size: {x: 1, y: 1, z: 1}
  m_Center: {x: 0, y: 0, z: 0}
--- !u!1 &6390799314035803937
GameObject:
  m_ObjectHideFlags: 0
  m_CorrespondingSourceObject: {fileID: 0}
  m_PrefabInstance: {fileID: 0}
  m_PrefabAsset: {fileID: 0}
  serializedVersion: 6
  m_Component:
  - component: {fileID: 7622418678138128012}
  - component: {fileID: 6495387071796516682}
  - component: {fileID: 2220309746300495619}
  - component: {fileID: 3443363179287685349}
  m_Layer: 6
  m_Name: Cube (1)
  m_TagString: Untagged
  m_Icon: {fileID: 0}
  m_NavMeshLayer: 0
  m_StaticEditorFlags: 0
  m_IsActive: 1
--- !u!4 &7622418678138128012
Transform:
  m_ObjectHideFlags: 0
  m_CorrespondingSourceObject: {fileID: 0}
  m_PrefabInstance: {fileID: 0}
  m_PrefabAsset: {fileID: 0}
  m_GameObject: {fileID: 6390799314035803937}
  m_LocalRotation: {x: -0, y: -0, z: -0, w: 1}
  m_LocalPosition: {x: 6.91, y: 18.83, z: 0}
  m_LocalScale: {x: 0.6666667, y: 5, z: 1}
  m_ConstrainProportionsScale: 0
  m_Children: []
  m_Father: {fileID: 5126600134317856070}
  m_RootOrder: 17
  m_LocalEulerAnglesHint: {x: 0, y: 0, z: 0}
--- !u!33 &6495387071796516682
MeshFilter:
  m_ObjectHideFlags: 0
  m_CorrespondingSourceObject: {fileID: 0}
  m_PrefabInstance: {fileID: 0}
  m_PrefabAsset: {fileID: 0}
  m_GameObject: {fileID: 6390799314035803937}
  m_Mesh: {fileID: 10202, guid: 0000000000000000e000000000000000, type: 0}
--- !u!23 &2220309746300495619
MeshRenderer:
  m_ObjectHideFlags: 0
  m_CorrespondingSourceObject: {fileID: 0}
  m_PrefabInstance: {fileID: 0}
  m_PrefabAsset: {fileID: 0}
  m_GameObject: {fileID: 6390799314035803937}
  m_Enabled: 1
  m_CastShadows: 1
  m_ReceiveShadows: 1
  m_DynamicOccludee: 1
  m_StaticShadowCaster: 0
  m_MotionVectors: 1
  m_LightProbeUsage: 1
  m_ReflectionProbeUsage: 1
  m_RayTracingMode: 2
  m_RayTraceProcedural: 0
  m_RenderingLayerMask: 1
  m_RendererPriority: 0
  m_Materials:
  - {fileID: 2100000, guid: 1bb5305480251044bb43e1513643dcf8, type: 2}
  m_StaticBatchInfo:
    firstSubMesh: 0
    subMeshCount: 0
  m_StaticBatchRoot: {fileID: 0}
  m_ProbeAnchor: {fileID: 0}
  m_LightProbeVolumeOverride: {fileID: 0}
  m_ScaleInLightmap: 1
  m_ReceiveGI: 1
  m_PreserveUVs: 0
  m_IgnoreNormalsForChartDetection: 0
  m_ImportantGI: 0
  m_StitchLightmapSeams: 1
  m_SelectedEditorRenderState: 3
  m_MinimumChartSize: 4
  m_AutoUVMaxDistance: 0.5
  m_AutoUVMaxAngle: 89
  m_LightmapParameters: {fileID: 0}
  m_SortingLayerID: 0
  m_SortingLayer: 0
  m_SortingOrder: 0
  m_AdditionalVertexStreams: {fileID: 0}
--- !u!65 &3443363179287685349
BoxCollider:
  m_ObjectHideFlags: 0
  m_CorrespondingSourceObject: {fileID: 0}
  m_PrefabInstance: {fileID: 0}
  m_PrefabAsset: {fileID: 0}
  m_GameObject: {fileID: 6390799314035803937}
  m_Material: {fileID: 0}
  m_IsTrigger: 0
  m_Enabled: 1
  serializedVersion: 2
  m_Size: {x: 1, y: 1, z: 1}
  m_Center: {x: 0, y: 0, z: 0}
--- !u!1001 &2905276257999274
PrefabInstance:
  m_ObjectHideFlags: 0
  serializedVersion: 2
  m_Modification:
    m_TransformParent: {fileID: 5126600134317856070}
    m_Modifications:
    - target: {fileID: 3749216148476129571, guid: 48f019159dad9814f8e4502c7cd0eba0, type: 3}
      propertyPath: m_RootOrder
      value: 12
      objectReference: {fileID: 0}
    - target: {fileID: 3749216148476129571, guid: 48f019159dad9814f8e4502c7cd0eba0, type: 3}
      propertyPath: m_LocalScale.x
      value: 333.33334
      objectReference: {fileID: 0}
    - target: {fileID: 3749216148476129571, guid: 48f019159dad9814f8e4502c7cd0eba0, type: 3}
      propertyPath: m_LocalScale.z
      value: 50
      objectReference: {fileID: 0}
    - target: {fileID: 3749216148476129571, guid: 48f019159dad9814f8e4502c7cd0eba0, type: 3}
      propertyPath: m_LocalPosition.x
      value: 15.84812
      objectReference: {fileID: 0}
    - target: {fileID: 3749216148476129571, guid: 48f019159dad9814f8e4502c7cd0eba0, type: 3}
      propertyPath: m_LocalPosition.y
      value: -15
      objectReference: {fileID: 0}
    - target: {fileID: 3749216148476129571, guid: 48f019159dad9814f8e4502c7cd0eba0, type: 3}
      propertyPath: m_LocalPosition.z
      value: -0.03
      objectReference: {fileID: 0}
    - target: {fileID: 3749216148476129571, guid: 48f019159dad9814f8e4502c7cd0eba0, type: 3}
      propertyPath: m_LocalRotation.w
      value: 1
      objectReference: {fileID: 0}
    - target: {fileID: 3749216148476129571, guid: 48f019159dad9814f8e4502c7cd0eba0, type: 3}
      propertyPath: m_LocalRotation.x
      value: -0
      objectReference: {fileID: 0}
    - target: {fileID: 3749216148476129571, guid: 48f019159dad9814f8e4502c7cd0eba0, type: 3}
      propertyPath: m_LocalRotation.y
      value: -0
      objectReference: {fileID: 0}
    - target: {fileID: 3749216148476129571, guid: 48f019159dad9814f8e4502c7cd0eba0, type: 3}
      propertyPath: m_LocalRotation.z
      value: -0
      objectReference: {fileID: 0}
    - target: {fileID: 3749216148476129571, guid: 48f019159dad9814f8e4502c7cd0eba0, type: 3}
      propertyPath: m_LocalEulerAnglesHint.x
      value: 0
      objectReference: {fileID: 0}
    - target: {fileID: 3749216148476129571, guid: 48f019159dad9814f8e4502c7cd0eba0, type: 3}
      propertyPath: m_LocalEulerAnglesHint.y
      value: 0
      objectReference: {fileID: 0}
    - target: {fileID: 3749216148476129571, guid: 48f019159dad9814f8e4502c7cd0eba0, type: 3}
      propertyPath: m_LocalEulerAnglesHint.z
      value: 0
      objectReference: {fileID: 0}
    - target: {fileID: 3849476634166088038, guid: 48f019159dad9814f8e4502c7cd0eba0, type: 3}
      propertyPath: m_Layer
      value: 6
      objectReference: {fileID: 0}
    - target: {fileID: 4035575771814470828, guid: 48f019159dad9814f8e4502c7cd0eba0, type: 3}
      propertyPath: m_Layer
      value: 6
      objectReference: {fileID: 0}
    - target: {fileID: 4399677860397629823, guid: 48f019159dad9814f8e4502c7cd0eba0, type: 3}
      propertyPath: m_Layer
      value: 6
      objectReference: {fileID: 0}
    - target: {fileID: 4561078339701549977, guid: 48f019159dad9814f8e4502c7cd0eba0, type: 3}
      propertyPath: m_Name
      value: CubeForBackground 4 (1)
      objectReference: {fileID: 0}
    - target: {fileID: 4561078339701549977, guid: 48f019159dad9814f8e4502c7cd0eba0, type: 3}
      propertyPath: m_Layer
      value: 6
      objectReference: {fileID: 0}
    - target: {fileID: 6515430863076709844, guid: 48f019159dad9814f8e4502c7cd0eba0, type: 3}
      propertyPath: m_Layer
      value: 6
      objectReference: {fileID: 0}
    - target: {fileID: 6803705483389028251, guid: 48f019159dad9814f8e4502c7cd0eba0, type: 3}
      propertyPath: m_Layer
      value: 6
      objectReference: {fileID: 0}
    - target: {fileID: 7847549862887480419, guid: 48f019159dad9814f8e4502c7cd0eba0, type: 3}
      propertyPath: m_Layer
      value: 6
      objectReference: {fileID: 0}
    m_RemovedComponents: []
  m_SourcePrefab: {fileID: 100100000, guid: 48f019159dad9814f8e4502c7cd0eba0, type: 3}
--- !u!4 &3750854641173588105 stripped
Transform:
  m_CorrespondingSourceObject: {fileID: 3749216148476129571, guid: 48f019159dad9814f8e4502c7cd0eba0, type: 3}
  m_PrefabInstance: {fileID: 2905276257999274}
  m_PrefabAsset: {fileID: 0}
--- !u!1001 &380835551018711409
PrefabInstance:
  m_ObjectHideFlags: 0
  serializedVersion: 2
  m_Modification:
    m_TransformParent: {fileID: 5126600134317856070}
    m_Modifications:
    - target: {fileID: 5120710497782055960, guid: 8f4010d5a6311624fb6f8631d5bf8bd9, type: 3}
      propertyPath: m_Name
      value: Metallic_Coin01_Pure-Gold Variant (4)
      objectReference: {fileID: 0}
    - target: {fileID: 5120710497782055960, guid: 8f4010d5a6311624fb6f8631d5bf8bd9, type: 3}
      propertyPath: m_Layer
      value: 6
      objectReference: {fileID: 0}
    - target: {fileID: 5502197793195400866, guid: 8f4010d5a6311624fb6f8631d5bf8bd9, type: 3}
      propertyPath: m_RootOrder
      value: 6
      objectReference: {fileID: 0}
    - target: {fileID: 5502197793195400866, guid: 8f4010d5a6311624fb6f8631d5bf8bd9, type: 3}
      propertyPath: m_LocalScale.x
      value: 6.666667
      objectReference: {fileID: 0}
    - target: {fileID: 5502197793195400866, guid: 8f4010d5a6311624fb6f8631d5bf8bd9, type: 3}
      propertyPath: m_LocalScale.z
      value: 1
      objectReference: {fileID: 0}
    - target: {fileID: 5502197793195400866, guid: 8f4010d5a6311624fb6f8631d5bf8bd9, type: 3}
      propertyPath: m_LocalPosition.x
      value: 3.2
      objectReference: {fileID: 0}
    - target: {fileID: 5502197793195400866, guid: 8f4010d5a6311624fb6f8631d5bf8bd9, type: 3}
      propertyPath: m_LocalPosition.y
      value: 0
      objectReference: {fileID: 0}
    - target: {fileID: 5502197793195400866, guid: 8f4010d5a6311624fb6f8631d5bf8bd9, type: 3}
      propertyPath: m_LocalPosition.z
      value: -4
      objectReference: {fileID: 0}
    - target: {fileID: 5502197793195400866, guid: 8f4010d5a6311624fb6f8631d5bf8bd9, type: 3}
      propertyPath: m_LocalRotation.w
      value: 1
      objectReference: {fileID: 0}
    - target: {fileID: 5502197793195400866, guid: 8f4010d5a6311624fb6f8631d5bf8bd9, type: 3}
      propertyPath: m_LocalRotation.x
      value: -0
      objectReference: {fileID: 0}
    - target: {fileID: 5502197793195400866, guid: 8f4010d5a6311624fb6f8631d5bf8bd9, type: 3}
      propertyPath: m_LocalRotation.y
      value: -0
      objectReference: {fileID: 0}
    - target: {fileID: 5502197793195400866, guid: 8f4010d5a6311624fb6f8631d5bf8bd9, type: 3}
      propertyPath: m_LocalRotation.z
      value: -0
      objectReference: {fileID: 0}
    - target: {fileID: 5502197793195400866, guid: 8f4010d5a6311624fb6f8631d5bf8bd9, type: 3}
      propertyPath: m_LocalEulerAnglesHint.x
      value: 0
      objectReference: {fileID: 0}
    - target: {fileID: 5502197793195400866, guid: 8f4010d5a6311624fb6f8631d5bf8bd9, type: 3}
      propertyPath: m_LocalEulerAnglesHint.y
      value: 0
      objectReference: {fileID: 0}
    - target: {fileID: 5502197793195400866, guid: 8f4010d5a6311624fb6f8631d5bf8bd9, type: 3}
      propertyPath: m_LocalEulerAnglesHint.z
      value: 0
      objectReference: {fileID: 0}
    m_RemovedComponents: []
  m_SourcePrefab: {fileID: 100100000, guid: 8f4010d5a6311624fb6f8631d5bf8bd9, type: 3}
--- !u!4 &5265627533186361299 stripped
Transform:
  m_CorrespondingSourceObject: {fileID: 5502197793195400866, guid: 8f4010d5a6311624fb6f8631d5bf8bd9, type: 3}
  m_PrefabInstance: {fileID: 380835551018711409}
  m_PrefabAsset: {fileID: 0}
--- !u!1001 &463451062865293034
PrefabInstance:
  m_ObjectHideFlags: 0
  serializedVersion: 2
  m_Modification:
    m_TransformParent: {fileID: 5126600134317856070}
    m_Modifications:
    - target: {fileID: 3749216148476129571, guid: 7a95049899ca9c743ae6c47cb1226d91, type: 3}
      propertyPath: m_RootOrder
      value: 13
      objectReference: {fileID: 0}
    - target: {fileID: 3749216148476129571, guid: 7a95049899ca9c743ae6c47cb1226d91, type: 3}
      propertyPath: m_LocalScale.x
      value: 333.33334
      objectReference: {fileID: 0}
    - target: {fileID: 3749216148476129571, guid: 7a95049899ca9c743ae6c47cb1226d91, type: 3}
      propertyPath: m_LocalScale.z
      value: 50
      objectReference: {fileID: 0}
    - target: {fileID: 3749216148476129571, guid: 7a95049899ca9c743ae6c47cb1226d91, type: 3}
      propertyPath: m_LocalPosition.x
      value: 19
      objectReference: {fileID: 0}
    - target: {fileID: 3749216148476129571, guid: 7a95049899ca9c743ae6c47cb1226d91, type: 3}
      propertyPath: m_LocalPosition.y
      value: -10
      objectReference: {fileID: 0}
    - target: {fileID: 3749216148476129571, guid: 7a95049899ca9c743ae6c47cb1226d91, type: 3}
      propertyPath: m_LocalPosition.z
      value: 3.55
      objectReference: {fileID: 0}
    - target: {fileID: 3749216148476129571, guid: 7a95049899ca9c743ae6c47cb1226d91, type: 3}
      propertyPath: m_LocalRotation.w
      value: 1
      objectReference: {fileID: 0}
    - target: {fileID: 3749216148476129571, guid: 7a95049899ca9c743ae6c47cb1226d91, type: 3}
      propertyPath: m_LocalRotation.x
      value: -0
      objectReference: {fileID: 0}
    - target: {fileID: 3749216148476129571, guid: 7a95049899ca9c743ae6c47cb1226d91, type: 3}
      propertyPath: m_LocalRotation.y
      value: -0
      objectReference: {fileID: 0}
    - target: {fileID: 3749216148476129571, guid: 7a95049899ca9c743ae6c47cb1226d91, type: 3}
      propertyPath: m_LocalRotation.z
      value: -0
      objectReference: {fileID: 0}
    - target: {fileID: 3749216148476129571, guid: 7a95049899ca9c743ae6c47cb1226d91, type: 3}
      propertyPath: m_LocalEulerAnglesHint.x
      value: 0
      objectReference: {fileID: 0}
    - target: {fileID: 3749216148476129571, guid: 7a95049899ca9c743ae6c47cb1226d91, type: 3}
      propertyPath: m_LocalEulerAnglesHint.y
      value: 0
      objectReference: {fileID: 0}
    - target: {fileID: 3749216148476129571, guid: 7a95049899ca9c743ae6c47cb1226d91, type: 3}
      propertyPath: m_LocalEulerAnglesHint.z
      value: 0
      objectReference: {fileID: 0}
    - target: {fileID: 3849476634166088038, guid: 7a95049899ca9c743ae6c47cb1226d91, type: 3}
      propertyPath: m_Layer
      value: 6
      objectReference: {fileID: 0}
    - target: {fileID: 4035575771814470828, guid: 7a95049899ca9c743ae6c47cb1226d91, type: 3}
      propertyPath: m_Layer
      value: 6
      objectReference: {fileID: 0}
    - target: {fileID: 4399677860397629823, guid: 7a95049899ca9c743ae6c47cb1226d91, type: 3}
      propertyPath: m_Layer
      value: 6
      objectReference: {fileID: 0}
    - target: {fileID: 4561078339701549977, guid: 7a95049899ca9c743ae6c47cb1226d91, type: 3}
      propertyPath: m_Name
      value: CubeForBackground 1 (3)
      objectReference: {fileID: 0}
    - target: {fileID: 4561078339701549977, guid: 7a95049899ca9c743ae6c47cb1226d91, type: 3}
      propertyPath: m_Layer
      value: 6
      objectReference: {fileID: 0}
    - target: {fileID: 6515430863076709844, guid: 7a95049899ca9c743ae6c47cb1226d91, type: 3}
      propertyPath: m_Layer
      value: 6
      objectReference: {fileID: 0}
    - target: {fileID: 6803705483389028251, guid: 7a95049899ca9c743ae6c47cb1226d91, type: 3}
      propertyPath: m_Layer
      value: 6
      objectReference: {fileID: 0}
    - target: {fileID: 7847549862887480419, guid: 7a95049899ca9c743ae6c47cb1226d91, type: 3}
      propertyPath: m_Layer
      value: 6
      objectReference: {fileID: 0}
    m_RemovedComponents: []
  m_SourcePrefab: {fileID: 100100000, guid: 7a95049899ca9c743ae6c47cb1226d91, type: 3}
--- !u!4 &3632547206894919625 stripped
Transform:
  m_CorrespondingSourceObject: {fileID: 3749216148476129571, guid: 7a95049899ca9c743ae6c47cb1226d91, type: 3}
  m_PrefabInstance: {fileID: 463451062865293034}
  m_PrefabAsset: {fileID: 0}
--- !u!1001 &811537986444181880
PrefabInstance:
  m_ObjectHideFlags: 0
  serializedVersion: 2
  m_Modification:
    m_TransformParent: {fileID: 5126600134317856070}
    m_Modifications:
    - target: {fileID: 3749216148476129571, guid: 48f019159dad9814f8e4502c7cd0eba0, type: 3}
      propertyPath: m_RootOrder
      value: 9
      objectReference: {fileID: 0}
    - target: {fileID: 3749216148476129571, guid: 48f019159dad9814f8e4502c7cd0eba0, type: 3}
      propertyPath: m_LocalScale.x
      value: 333.33334
      objectReference: {fileID: 0}
    - target: {fileID: 3749216148476129571, guid: 48f019159dad9814f8e4502c7cd0eba0, type: 3}
      propertyPath: m_LocalScale.z
      value: 50
      objectReference: {fileID: 0}
    - target: {fileID: 3749216148476129571, guid: 48f019159dad9814f8e4502c7cd0eba0, type: 3}
      propertyPath: m_LocalPosition.x
      value: -15.848117
      objectReference: {fileID: 0}
    - target: {fileID: 3749216148476129571, guid: 48f019159dad9814f8e4502c7cd0eba0, type: 3}
      propertyPath: m_LocalPosition.y
      value: -15
      objectReference: {fileID: 0}
    - target: {fileID: 3749216148476129571, guid: 48f019159dad9814f8e4502c7cd0eba0, type: 3}
      propertyPath: m_LocalPosition.z
      value: -0.03
      objectReference: {fileID: 0}
    - target: {fileID: 3749216148476129571, guid: 48f019159dad9814f8e4502c7cd0eba0, type: 3}
      propertyPath: m_LocalRotation.w
      value: 1
      objectReference: {fileID: 0}
    - target: {fileID: 3749216148476129571, guid: 48f019159dad9814f8e4502c7cd0eba0, type: 3}
      propertyPath: m_LocalRotation.x
      value: -0
      objectReference: {fileID: 0}
    - target: {fileID: 3749216148476129571, guid: 48f019159dad9814f8e4502c7cd0eba0, type: 3}
      propertyPath: m_LocalRotation.y
      value: -0
      objectReference: {fileID: 0}
    - target: {fileID: 3749216148476129571, guid: 48f019159dad9814f8e4502c7cd0eba0, type: 3}
      propertyPath: m_LocalRotation.z
      value: -0
      objectReference: {fileID: 0}
    - target: {fileID: 3749216148476129571, guid: 48f019159dad9814f8e4502c7cd0eba0, type: 3}
      propertyPath: m_LocalEulerAnglesHint.x
      value: 0
      objectReference: {fileID: 0}
    - target: {fileID: 3749216148476129571, guid: 48f019159dad9814f8e4502c7cd0eba0, type: 3}
      propertyPath: m_LocalEulerAnglesHint.y
      value: 0
      objectReference: {fileID: 0}
    - target: {fileID: 3749216148476129571, guid: 48f019159dad9814f8e4502c7cd0eba0, type: 3}
      propertyPath: m_LocalEulerAnglesHint.z
      value: 0
      objectReference: {fileID: 0}
    - target: {fileID: 3849476634166088038, guid: 48f019159dad9814f8e4502c7cd0eba0, type: 3}
      propertyPath: m_Layer
      value: 6
      objectReference: {fileID: 0}
    - target: {fileID: 4035575771814470828, guid: 48f019159dad9814f8e4502c7cd0eba0, type: 3}
      propertyPath: m_Layer
      value: 6
      objectReference: {fileID: 0}
    - target: {fileID: 4399677860397629823, guid: 48f019159dad9814f8e4502c7cd0eba0, type: 3}
      propertyPath: m_Layer
      value: 6
      objectReference: {fileID: 0}
    - target: {fileID: 4561078339701549977, guid: 48f019159dad9814f8e4502c7cd0eba0, type: 3}
      propertyPath: m_Name
      value: CubeForBackground 4
      objectReference: {fileID: 0}
    - target: {fileID: 4561078339701549977, guid: 48f019159dad9814f8e4502c7cd0eba0, type: 3}
      propertyPath: m_Layer
      value: 6
      objectReference: {fileID: 0}
    - target: {fileID: 6515430863076709844, guid: 48f019159dad9814f8e4502c7cd0eba0, type: 3}
      propertyPath: m_Layer
      value: 6
      objectReference: {fileID: 0}
    - target: {fileID: 6803705483389028251, guid: 48f019159dad9814f8e4502c7cd0eba0, type: 3}
      propertyPath: m_Layer
      value: 6
      objectReference: {fileID: 0}
    - target: {fileID: 7847549862887480419, guid: 48f019159dad9814f8e4502c7cd0eba0, type: 3}
      propertyPath: m_Layer
      value: 6
      objectReference: {fileID: 0}
    m_RemovedComponents: []
  m_SourcePrefab: {fileID: 100100000, guid: 48f019159dad9814f8e4502c7cd0eba0, type: 3}
--- !u!4 &4558994426418835547 stripped
Transform:
  m_CorrespondingSourceObject: {fileID: 3749216148476129571, guid: 48f019159dad9814f8e4502c7cd0eba0, type: 3}
  m_PrefabInstance: {fileID: 811537986444181880}
  m_PrefabAsset: {fileID: 0}
--- !u!1001 &2168228875725002240
PrefabInstance:
  m_ObjectHideFlags: 0
  serializedVersion: 2
  m_Modification:
    m_TransformParent: {fileID: 5126600134317856070}
    m_Modifications:
    - target: {fileID: 5120710497782055960, guid: 8f4010d5a6311624fb6f8631d5bf8bd9, type: 3}
      propertyPath: m_Name
      value: Metallic_Coin01_Pure-Gold Variant (7)
      objectReference: {fileID: 0}
    - target: {fileID: 5120710497782055960, guid: 8f4010d5a6311624fb6f8631d5bf8bd9, type: 3}
      propertyPath: m_Layer
      value: 6
      objectReference: {fileID: 0}
    - target: {fileID: 5502197793195400866, guid: 8f4010d5a6311624fb6f8631d5bf8bd9, type: 3}
      propertyPath: m_RootOrder
      value: 20
      objectReference: {fileID: 0}
    - target: {fileID: 5502197793195400866, guid: 8f4010d5a6311624fb6f8631d5bf8bd9, type: 3}
      propertyPath: m_LocalScale.x
      value: 6.666667
      objectReference: {fileID: 0}
    - target: {fileID: 5502197793195400866, guid: 8f4010d5a6311624fb6f8631d5bf8bd9, type: 3}
      propertyPath: m_LocalScale.z
      value: 1
      objectReference: {fileID: 0}
    - target: {fileID: 5502197793195400866, guid: 8f4010d5a6311624fb6f8631d5bf8bd9, type: 3}
      propertyPath: m_LocalPosition.x
      value: 0
      objectReference: {fileID: 0}
    - target: {fileID: 5502197793195400866, guid: 8f4010d5a6311624fb6f8631d5bf8bd9, type: 3}
      propertyPath: m_LocalPosition.y
      value: 0
      objectReference: {fileID: 0}
    - target: {fileID: 5502197793195400866, guid: 8f4010d5a6311624fb6f8631d5bf8bd9, type: 3}
      propertyPath: m_LocalPosition.z
      value: -3
      objectReference: {fileID: 0}
    - target: {fileID: 5502197793195400866, guid: 8f4010d5a6311624fb6f8631d5bf8bd9, type: 3}
      propertyPath: m_LocalRotation.w
      value: 1
      objectReference: {fileID: 0}
    - target: {fileID: 5502197793195400866, guid: 8f4010d5a6311624fb6f8631d5bf8bd9, type: 3}
      propertyPath: m_LocalRotation.x
      value: -0
      objectReference: {fileID: 0}
    - target: {fileID: 5502197793195400866, guid: 8f4010d5a6311624fb6f8631d5bf8bd9, type: 3}
      propertyPath: m_LocalRotation.y
      value: -0
      objectReference: {fileID: 0}
    - target: {fileID: 5502197793195400866, guid: 8f4010d5a6311624fb6f8631d5bf8bd9, type: 3}
      propertyPath: m_LocalRotation.z
      value: -0
      objectReference: {fileID: 0}
    - target: {fileID: 5502197793195400866, guid: 8f4010d5a6311624fb6f8631d5bf8bd9, type: 3}
      propertyPath: m_LocalEulerAnglesHint.x
      value: 0
      objectReference: {fileID: 0}
    - target: {fileID: 5502197793195400866, guid: 8f4010d5a6311624fb6f8631d5bf8bd9, type: 3}
      propertyPath: m_LocalEulerAnglesHint.y
      value: 0
      objectReference: {fileID: 0}
    - target: {fileID: 5502197793195400866, guid: 8f4010d5a6311624fb6f8631d5bf8bd9, type: 3}
      propertyPath: m_LocalEulerAnglesHint.z
      value: 0
      objectReference: {fileID: 0}
    m_RemovedComponents: []
  m_SourcePrefab: {fileID: 100100000, guid: 8f4010d5a6311624fb6f8631d5bf8bd9, type: 3}
--- !u!4 &5930294102918482082 stripped
Transform:
  m_CorrespondingSourceObject: {fileID: 5502197793195400866, guid: 8f4010d5a6311624fb6f8631d5bf8bd9, type: 3}
  m_PrefabInstance: {fileID: 2168228875725002240}
  m_PrefabAsset: {fileID: 0}
--- !u!1001 &2279587034484854144
PrefabInstance:
  m_ObjectHideFlags: 0
  serializedVersion: 2
  m_Modification:
    m_TransformParent: {fileID: 5126600134317856070}
    m_Modifications:
    - target: {fileID: 5120710497782055960, guid: 8f4010d5a6311624fb6f8631d5bf8bd9, type: 3}
      propertyPath: m_Name
      value: Metallic_Coin01_Pure-Gold Variant (2)
      objectReference: {fileID: 0}
    - target: {fileID: 5120710497782055960, guid: 8f4010d5a6311624fb6f8631d5bf8bd9, type: 3}
      propertyPath: m_Layer
      value: 6
      objectReference: {fileID: 0}
    - target: {fileID: 5502197793195400866, guid: 8f4010d5a6311624fb6f8631d5bf8bd9, type: 3}
      propertyPath: m_RootOrder
      value: 4
      objectReference: {fileID: 0}
    - target: {fileID: 5502197793195400866, guid: 8f4010d5a6311624fb6f8631d5bf8bd9, type: 3}
      propertyPath: m_LocalScale.x
      value: 6.666667
      objectReference: {fileID: 0}
    - target: {fileID: 5502197793195400866, guid: 8f4010d5a6311624fb6f8631d5bf8bd9, type: 3}
      propertyPath: m_LocalScale.z
      value: 1
      objectReference: {fileID: 0}
    - target: {fileID: 5502197793195400866, guid: 8f4010d5a6311624fb6f8631d5bf8bd9, type: 3}
      propertyPath: m_LocalPosition.x
      value: 3.2
      objectReference: {fileID: 0}
    - target: {fileID: 5502197793195400866, guid: 8f4010d5a6311624fb6f8631d5bf8bd9, type: 3}
      propertyPath: m_LocalPosition.y
      value: 0
      objectReference: {fileID: 0}
    - target: {fileID: 5502197793195400866, guid: 8f4010d5a6311624fb6f8631d5bf8bd9, type: 3}
      propertyPath: m_LocalPosition.z
      value: -4.7454944
      objectReference: {fileID: 0}
    - target: {fileID: 5502197793195400866, guid: 8f4010d5a6311624fb6f8631d5bf8bd9, type: 3}
      propertyPath: m_LocalRotation.w
      value: 1
      objectReference: {fileID: 0}
    - target: {fileID: 5502197793195400866, guid: 8f4010d5a6311624fb6f8631d5bf8bd9, type: 3}
      propertyPath: m_LocalRotation.x
      value: -0
      objectReference: {fileID: 0}
    - target: {fileID: 5502197793195400866, guid: 8f4010d5a6311624fb6f8631d5bf8bd9, type: 3}
      propertyPath: m_LocalRotation.y
      value: -0
      objectReference: {fileID: 0}
    - target: {fileID: 5502197793195400866, guid: 8f4010d5a6311624fb6f8631d5bf8bd9, type: 3}
      propertyPath: m_LocalRotation.z
      value: -0
      objectReference: {fileID: 0}
    - target: {fileID: 5502197793195400866, guid: 8f4010d5a6311624fb6f8631d5bf8bd9, type: 3}
      propertyPath: m_LocalEulerAnglesHint.x
      value: 0
      objectReference: {fileID: 0}
    - target: {fileID: 5502197793195400866, guid: 8f4010d5a6311624fb6f8631d5bf8bd9, type: 3}
      propertyPath: m_LocalEulerAnglesHint.y
      value: 0
      objectReference: {fileID: 0}
    - target: {fileID: 5502197793195400866, guid: 8f4010d5a6311624fb6f8631d5bf8bd9, type: 3}
      propertyPath: m_LocalEulerAnglesHint.z
      value: 0
      objectReference: {fileID: 0}
    m_RemovedComponents: []
  m_SourcePrefab: {fileID: 100100000, guid: 8f4010d5a6311624fb6f8631d5bf8bd9, type: 3}
--- !u!4 &6050871874455851810 stripped
Transform:
  m_CorrespondingSourceObject: {fileID: 5502197793195400866, guid: 8f4010d5a6311624fb6f8631d5bf8bd9, type: 3}
  m_PrefabInstance: {fileID: 2279587034484854144}
  m_PrefabAsset: {fileID: 0}
--- !u!1001 &3902634748725711512
PrefabInstance:
  m_ObjectHideFlags: 0
  serializedVersion: 2
  m_Modification:
    m_TransformParent: {fileID: 5126600134317856070}
    m_Modifications:
    - target: {fileID: 3749216148476129571, guid: 7a95049899ca9c743ae6c47cb1226d91, type: 3}
      propertyPath: m_RootOrder
      value: 10
      objectReference: {fileID: 0}
    - target: {fileID: 3749216148476129571, guid: 7a95049899ca9c743ae6c47cb1226d91, type: 3}
      propertyPath: m_LocalScale.x
      value: 333.33334
      objectReference: {fileID: 0}
    - target: {fileID: 3749216148476129571, guid: 7a95049899ca9c743ae6c47cb1226d91, type: 3}
      propertyPath: m_LocalScale.z
      value: 50
      objectReference: {fileID: 0}
    - target: {fileID: 3749216148476129571, guid: 7a95049899ca9c743ae6c47cb1226d91, type: 3}
      propertyPath: m_LocalPosition.x
      value: -19
      objectReference: {fileID: 0}
    - target: {fileID: 3749216148476129571, guid: 7a95049899ca9c743ae6c47cb1226d91, type: 3}
      propertyPath: m_LocalPosition.y
      value: -10
      objectReference: {fileID: 0}
    - target: {fileID: 3749216148476129571, guid: 7a95049899ca9c743ae6c47cb1226d91, type: 3}
      propertyPath: m_LocalPosition.z
      value: 3.55
      objectReference: {fileID: 0}
    - target: {fileID: 3749216148476129571, guid: 7a95049899ca9c743ae6c47cb1226d91, type: 3}
      propertyPath: m_LocalRotation.w
      value: 1
      objectReference: {fileID: 0}
    - target: {fileID: 3749216148476129571, guid: 7a95049899ca9c743ae6c47cb1226d91, type: 3}
      propertyPath: m_LocalRotation.x
      value: -0
      objectReference: {fileID: 0}
    - target: {fileID: 3749216148476129571, guid: 7a95049899ca9c743ae6c47cb1226d91, type: 3}
      propertyPath: m_LocalRotation.y
      value: -0
      objectReference: {fileID: 0}
    - target: {fileID: 3749216148476129571, guid: 7a95049899ca9c743ae6c47cb1226d91, type: 3}
      propertyPath: m_LocalRotation.z
      value: -0
      objectReference: {fileID: 0}
    - target: {fileID: 3749216148476129571, guid: 7a95049899ca9c743ae6c47cb1226d91, type: 3}
      propertyPath: m_LocalEulerAnglesHint.x
      value: 0
      objectReference: {fileID: 0}
    - target: {fileID: 3749216148476129571, guid: 7a95049899ca9c743ae6c47cb1226d91, type: 3}
      propertyPath: m_LocalEulerAnglesHint.y
      value: 0
      objectReference: {fileID: 0}
    - target: {fileID: 3749216148476129571, guid: 7a95049899ca9c743ae6c47cb1226d91, type: 3}
      propertyPath: m_LocalEulerAnglesHint.z
      value: 0
      objectReference: {fileID: 0}
    - target: {fileID: 3849476634166088038, guid: 7a95049899ca9c743ae6c47cb1226d91, type: 3}
      propertyPath: m_Layer
      value: 6
      objectReference: {fileID: 0}
    - target: {fileID: 4035575771814470828, guid: 7a95049899ca9c743ae6c47cb1226d91, type: 3}
      propertyPath: m_Layer
      value: 6
      objectReference: {fileID: 0}
    - target: {fileID: 4399677860397629823, guid: 7a95049899ca9c743ae6c47cb1226d91, type: 3}
      propertyPath: m_Layer
      value: 6
      objectReference: {fileID: 0}
    - target: {fileID: 4561078339701549977, guid: 7a95049899ca9c743ae6c47cb1226d91, type: 3}
      propertyPath: m_Name
      value: CubeForBackground 1 (1)
      objectReference: {fileID: 0}
    - target: {fileID: 4561078339701549977, guid: 7a95049899ca9c743ae6c47cb1226d91, type: 3}
      propertyPath: m_Layer
      value: 6
      objectReference: {fileID: 0}
    - target: {fileID: 6515430863076709844, guid: 7a95049899ca9c743ae6c47cb1226d91, type: 3}
      propertyPath: m_Layer
      value: 6
      objectReference: {fileID: 0}
    - target: {fileID: 6803705483389028251, guid: 7a95049899ca9c743ae6c47cb1226d91, type: 3}
      propertyPath: m_Layer
      value: 6
      objectReference: {fileID: 0}
    - target: {fileID: 7847549862887480419, guid: 7a95049899ca9c743ae6c47cb1226d91, type: 3}
      propertyPath: m_Layer
      value: 6
      objectReference: {fileID: 0}
    m_RemovedComponents: []
  m_SourcePrefab: {fileID: 100100000, guid: 7a95049899ca9c743ae6c47cb1226d91, type: 3}
--- !u!4 &157368260767491003 stripped
Transform:
  m_CorrespondingSourceObject: {fileID: 3749216148476129571, guid: 7a95049899ca9c743ae6c47cb1226d91, type: 3}
  m_PrefabInstance: {fileID: 3902634748725711512}
  m_PrefabAsset: {fileID: 0}
--- !u!1001 &3992824434272892251
PrefabInstance:
  m_ObjectHideFlags: 0
  serializedVersion: 2
  m_Modification:
    m_TransformParent: {fileID: 5126600134317856070}
    m_Modifications:
    - target: {fileID: 1653592809501206802, guid: 1e0b2d0ccca8ec047ae2bffcd0bd147a, type: 3}
      propertyPath: m_Materials.Array.data[0]
      value: 
      objectReference: {fileID: 2100000, guid: 5eb6248749e67e2498c8189e5247277f, type: 2}
    - target: {fileID: 3907565565089589852, guid: 1e0b2d0ccca8ec047ae2bffcd0bd147a, type: 3}
      propertyPath: m_Name
      value: Wall (1)
      objectReference: {fileID: 0}
    - target: {fileID: 3907565565089589852, guid: 1e0b2d0ccca8ec047ae2bffcd0bd147a, type: 3}
      propertyPath: m_Layer
      value: 0
      objectReference: {fileID: 0}
    - target: {fileID: 7762352736506463871, guid: 1e0b2d0ccca8ec047ae2bffcd0bd147a, type: 3}
      propertyPath: m_RootOrder
      value: 1
      objectReference: {fileID: 0}
    - target: {fileID: 7762352736506463871, guid: 1e0b2d0ccca8ec047ae2bffcd0bd147a, type: 3}
      propertyPath: m_LocalScale.x
      value: 0.5
      objectReference: {fileID: 0}
    - target: {fileID: 7762352736506463871, guid: 1e0b2d0ccca8ec047ae2bffcd0bd147a, type: 3}
      propertyPath: m_LocalScale.z
      value: 10
      objectReference: {fileID: 0}
    - target: {fileID: 7762352736506463871, guid: 1e0b2d0ccca8ec047ae2bffcd0bd147a, type: 3}
      propertyPath: m_LocalPosition.x
      value: -5.26
      objectReference: {fileID: 0}
    - target: {fileID: 7762352736506463871, guid: 1e0b2d0ccca8ec047ae2bffcd0bd147a, type: 3}
      propertyPath: m_LocalPosition.y
      value: 2.5
      objectReference: {fileID: 0}
    - target: {fileID: 7762352736506463871, guid: 1e0b2d0ccca8ec047ae2bffcd0bd147a, type: 3}
      propertyPath: m_LocalPosition.z
      value: 0
      objectReference: {fileID: 0}
    - target: {fileID: 7762352736506463871, guid: 1e0b2d0ccca8ec047ae2bffcd0bd147a, type: 3}
      propertyPath: m_LocalRotation.w
      value: 1
      objectReference: {fileID: 0}
    - target: {fileID: 7762352736506463871, guid: 1e0b2d0ccca8ec047ae2bffcd0bd147a, type: 3}
      propertyPath: m_LocalRotation.x
      value: -0
      objectReference: {fileID: 0}
    - target: {fileID: 7762352736506463871, guid: 1e0b2d0ccca8ec047ae2bffcd0bd147a, type: 3}
      propertyPath: m_LocalRotation.y
      value: -0
      objectReference: {fileID: 0}
    - target: {fileID: 7762352736506463871, guid: 1e0b2d0ccca8ec047ae2bffcd0bd147a, type: 3}
      propertyPath: m_LocalRotation.z
      value: -0
      objectReference: {fileID: 0}
    - target: {fileID: 7762352736506463871, guid: 1e0b2d0ccca8ec047ae2bffcd0bd147a, type: 3}
      propertyPath: m_LocalEulerAnglesHint.x
      value: 0
      objectReference: {fileID: 0}
    - target: {fileID: 7762352736506463871, guid: 1e0b2d0ccca8ec047ae2bffcd0bd147a, type: 3}
      propertyPath: m_LocalEulerAnglesHint.y
      value: 0
      objectReference: {fileID: 0}
    - target: {fileID: 7762352736506463871, guid: 1e0b2d0ccca8ec047ae2bffcd0bd147a, type: 3}
      propertyPath: m_LocalEulerAnglesHint.z
      value: 0
      objectReference: {fileID: 0}
    m_RemovedComponents: []
  m_SourcePrefab: {fileID: 100100000, guid: 1e0b2d0ccca8ec047ae2bffcd0bd147a, type: 3}
--- !u!4 &6687904841478058788 stripped
Transform:
  m_CorrespondingSourceObject: {fileID: 7762352736506463871, guid: 1e0b2d0ccca8ec047ae2bffcd0bd147a, type: 3}
  m_PrefabInstance: {fileID: 3992824434272892251}
  m_PrefabAsset: {fileID: 0}
--- !u!1001 &4030010973107219641
PrefabInstance:
  m_ObjectHideFlags: 0
  serializedVersion: 2
  m_Modification:
    m_TransformParent: {fileID: 5126600134317856070}
    m_Modifications:
    - target: {fileID: 3749216148476129571, guid: 7a95049899ca9c743ae6c47cb1226d91, type: 3}
      propertyPath: m_RootOrder
      value: 8
      objectReference: {fileID: 0}
    - target: {fileID: 3749216148476129571, guid: 7a95049899ca9c743ae6c47cb1226d91, type: 3}
      propertyPath: m_LocalScale.x
      value: 333.33334
      objectReference: {fileID: 0}
    - target: {fileID: 3749216148476129571, guid: 7a95049899ca9c743ae6c47cb1226d91, type: 3}
      propertyPath: m_LocalScale.z
      value: 50
      objectReference: {fileID: 0}
    - target: {fileID: 3749216148476129571, guid: 7a95049899ca9c743ae6c47cb1226d91, type: 3}
      propertyPath: m_LocalPosition.x
      value: -19
      objectReference: {fileID: 0}
    - target: {fileID: 3749216148476129571, guid: 7a95049899ca9c743ae6c47cb1226d91, type: 3}
      propertyPath: m_LocalPosition.y
      value: -10
      objectReference: {fileID: 0}
    - target: {fileID: 3749216148476129571, guid: 7a95049899ca9c743ae6c47cb1226d91, type: 3}
      propertyPath: m_LocalPosition.z
      value: -3.43
      objectReference: {fileID: 0}
    - target: {fileID: 3749216148476129571, guid: 7a95049899ca9c743ae6c47cb1226d91, type: 3}
      propertyPath: m_LocalRotation.w
      value: 1
      objectReference: {fileID: 0}
    - target: {fileID: 3749216148476129571, guid: 7a95049899ca9c743ae6c47cb1226d91, type: 3}
      propertyPath: m_LocalRotation.x
      value: -0
      objectReference: {fileID: 0}
    - target: {fileID: 3749216148476129571, guid: 7a95049899ca9c743ae6c47cb1226d91, type: 3}
      propertyPath: m_LocalRotation.y
      value: -0
      objectReference: {fileID: 0}
    - target: {fileID: 3749216148476129571, guid: 7a95049899ca9c743ae6c47cb1226d91, type: 3}
      propertyPath: m_LocalRotation.z
      value: -0
      objectReference: {fileID: 0}
    - target: {fileID: 3749216148476129571, guid: 7a95049899ca9c743ae6c47cb1226d91, type: 3}
      propertyPath: m_LocalEulerAnglesHint.x
      value: 0
      objectReference: {fileID: 0}
    - target: {fileID: 3749216148476129571, guid: 7a95049899ca9c743ae6c47cb1226d91, type: 3}
      propertyPath: m_LocalEulerAnglesHint.y
      value: 0
      objectReference: {fileID: 0}
    - target: {fileID: 3749216148476129571, guid: 7a95049899ca9c743ae6c47cb1226d91, type: 3}
      propertyPath: m_LocalEulerAnglesHint.z
      value: 0
      objectReference: {fileID: 0}
    - target: {fileID: 3849476634166088038, guid: 7a95049899ca9c743ae6c47cb1226d91, type: 3}
      propertyPath: m_Layer
      value: 6
      objectReference: {fileID: 0}
    - target: {fileID: 4035575771814470828, guid: 7a95049899ca9c743ae6c47cb1226d91, type: 3}
      propertyPath: m_Layer
      value: 6
      objectReference: {fileID: 0}
    - target: {fileID: 4399677860397629823, guid: 7a95049899ca9c743ae6c47cb1226d91, type: 3}
      propertyPath: m_Layer
      value: 6
      objectReference: {fileID: 0}
    - target: {fileID: 4561078339701549977, guid: 7a95049899ca9c743ae6c47cb1226d91, type: 3}
      propertyPath: m_Name
      value: CubeForBackground 1
      objectReference: {fileID: 0}
    - target: {fileID: 4561078339701549977, guid: 7a95049899ca9c743ae6c47cb1226d91, type: 3}
      propertyPath: m_Layer
      value: 6
      objectReference: {fileID: 0}
    - target: {fileID: 6515430863076709844, guid: 7a95049899ca9c743ae6c47cb1226d91, type: 3}
      propertyPath: m_Layer
      value: 6
      objectReference: {fileID: 0}
    - target: {fileID: 6803705483389028251, guid: 7a95049899ca9c743ae6c47cb1226d91, type: 3}
      propertyPath: m_Layer
      value: 6
      objectReference: {fileID: 0}
    - target: {fileID: 7847549862887480419, guid: 7a95049899ca9c743ae6c47cb1226d91, type: 3}
      propertyPath: m_Layer
      value: 6
      objectReference: {fileID: 0}
    m_RemovedComponents: []
  m_SourcePrefab: {fileID: 100100000, guid: 7a95049899ca9c743ae6c47cb1226d91, type: 3}
--- !u!4 &282211210356104602 stripped
Transform:
  m_CorrespondingSourceObject: {fileID: 3749216148476129571, guid: 7a95049899ca9c743ae6c47cb1226d91, type: 3}
  m_PrefabInstance: {fileID: 4030010973107219641}
  m_PrefabAsset: {fileID: 0}
--- !u!1001 &4962000825226974241
PrefabInstance:
  m_ObjectHideFlags: 0
  serializedVersion: 2
  m_Modification:
    m_TransformParent: {fileID: 5126600134317856070}
    m_Modifications:
    - target: {fileID: 5120710497782055960, guid: 8f4010d5a6311624fb6f8631d5bf8bd9, type: 3}
      propertyPath: m_Name
      value: Metallic_Coin01_Pure-Gold Variant (3)
      objectReference: {fileID: 0}
    - target: {fileID: 5120710497782055960, guid: 8f4010d5a6311624fb6f8631d5bf8bd9, type: 3}
      propertyPath: m_Layer
      value: 6
      objectReference: {fileID: 0}
    - target: {fileID: 5502197793195400866, guid: 8f4010d5a6311624fb6f8631d5bf8bd9, type: 3}
      propertyPath: m_RootOrder
      value: 5
      objectReference: {fileID: 0}
    - target: {fileID: 5502197793195400866, guid: 8f4010d5a6311624fb6f8631d5bf8bd9, type: 3}
      propertyPath: m_LocalScale.x
      value: 6.666667
      objectReference: {fileID: 0}
    - target: {fileID: 5502197793195400866, guid: 8f4010d5a6311624fb6f8631d5bf8bd9, type: 3}
      propertyPath: m_LocalScale.z
      value: 1
      objectReference: {fileID: 0}
    - target: {fileID: 5502197793195400866, guid: 8f4010d5a6311624fb6f8631d5bf8bd9, type: 3}
      propertyPath: m_LocalPosition.x
      value: 0
      objectReference: {fileID: 0}
    - target: {fileID: 5502197793195400866, guid: 8f4010d5a6311624fb6f8631d5bf8bd9, type: 3}
      propertyPath: m_LocalPosition.y
      value: 0
      objectReference: {fileID: 0}
    - target: {fileID: 5502197793195400866, guid: 8f4010d5a6311624fb6f8631d5bf8bd9, type: 3}
      propertyPath: m_LocalPosition.z
      value: -4
      objectReference: {fileID: 0}
    - target: {fileID: 5502197793195400866, guid: 8f4010d5a6311624fb6f8631d5bf8bd9, type: 3}
      propertyPath: m_LocalRotation.w
      value: 1
      objectReference: {fileID: 0}
    - target: {fileID: 5502197793195400866, guid: 8f4010d5a6311624fb6f8631d5bf8bd9, type: 3}
      propertyPath: m_LocalRotation.x
      value: -0
      objectReference: {fileID: 0}
    - target: {fileID: 5502197793195400866, guid: 8f4010d5a6311624fb6f8631d5bf8bd9, type: 3}
      propertyPath: m_LocalRotation.y
      value: -0
      objectReference: {fileID: 0}
    - target: {fileID: 5502197793195400866, guid: 8f4010d5a6311624fb6f8631d5bf8bd9, type: 3}
      propertyPath: m_LocalRotation.z
      value: -0
      objectReference: {fileID: 0}
    - target: {fileID: 5502197793195400866, guid: 8f4010d5a6311624fb6f8631d5bf8bd9, type: 3}
      propertyPath: m_LocalEulerAnglesHint.x
      value: 0
      objectReference: {fileID: 0}
    - target: {fileID: 5502197793195400866, guid: 8f4010d5a6311624fb6f8631d5bf8bd9, type: 3}
      propertyPath: m_LocalEulerAnglesHint.y
      value: 0
      objectReference: {fileID: 0}
    - target: {fileID: 5502197793195400866, guid: 8f4010d5a6311624fb6f8631d5bf8bd9, type: 3}
      propertyPath: m_LocalEulerAnglesHint.z
      value: 0
      objectReference: {fileID: 0}
    m_RemovedComponents: []
  m_SourcePrefab: {fileID: 100100000, guid: 8f4010d5a6311624fb6f8631d5bf8bd9, type: 3}
--- !u!4 &614506913740147331 stripped
Transform:
  m_CorrespondingSourceObject: {fileID: 5502197793195400866, guid: 8f4010d5a6311624fb6f8631d5bf8bd9, type: 3}
  m_PrefabInstance: {fileID: 4962000825226974241}
  m_PrefabAsset: {fileID: 0}
--- !u!1001 &5183724281687798017
PrefabInstance:
  m_ObjectHideFlags: 0
  serializedVersion: 2
  m_Modification:
    m_TransformParent: {fileID: 5126600134317856070}
    m_Modifications:
    - target: {fileID: 5120710497782055960, guid: 8f4010d5a6311624fb6f8631d5bf8bd9, type: 3}
      propertyPath: m_Name
      value: Metallic_Coin01_Pure-Gold Variant (8)
      objectReference: {fileID: 0}
    - target: {fileID: 5120710497782055960, guid: 8f4010d5a6311624fb6f8631d5bf8bd9, type: 3}
      propertyPath: m_Layer
      value: 6
      objectReference: {fileID: 0}
    - target: {fileID: 5502197793195400866, guid: 8f4010d5a6311624fb6f8631d5bf8bd9, type: 3}
      propertyPath: m_RootOrder
      value: 21
      objectReference: {fileID: 0}
    - target: {fileID: 5502197793195400866, guid: 8f4010d5a6311624fb6f8631d5bf8bd9, type: 3}
      propertyPath: m_LocalScale.x
      value: 6.666667
      objectReference: {fileID: 0}
    - target: {fileID: 5502197793195400866, guid: 8f4010d5a6311624fb6f8631d5bf8bd9, type: 3}
      propertyPath: m_LocalScale.z
      value: 1
      objectReference: {fileID: 0}
    - target: {fileID: 5502197793195400866, guid: 8f4010d5a6311624fb6f8631d5bf8bd9, type: 3}
      propertyPath: m_LocalPosition.x
      value: 3.2
      objectReference: {fileID: 0}
    - target: {fileID: 5502197793195400866, guid: 8f4010d5a6311624fb6f8631d5bf8bd9, type: 3}
      propertyPath: m_LocalPosition.y
      value: 0
      objectReference: {fileID: 0}
    - target: {fileID: 5502197793195400866, guid: 8f4010d5a6311624fb6f8631d5bf8bd9, type: 3}
      propertyPath: m_LocalPosition.z
      value: -3
      objectReference: {fileID: 0}
    - target: {fileID: 5502197793195400866, guid: 8f4010d5a6311624fb6f8631d5bf8bd9, type: 3}
      propertyPath: m_LocalRotation.w
      value: 1
      objectReference: {fileID: 0}
    - target: {fileID: 5502197793195400866, guid: 8f4010d5a6311624fb6f8631d5bf8bd9, type: 3}
      propertyPath: m_LocalRotation.x
      value: -0
      objectReference: {fileID: 0}
    - target: {fileID: 5502197793195400866, guid: 8f4010d5a6311624fb6f8631d5bf8bd9, type: 3}
      propertyPath: m_LocalRotation.y
      value: -0
      objectReference: {fileID: 0}
    - target: {fileID: 5502197793195400866, guid: 8f4010d5a6311624fb6f8631d5bf8bd9, type: 3}
      propertyPath: m_LocalRotation.z
      value: -0
      objectReference: {fileID: 0}
    - target: {fileID: 5502197793195400866, guid: 8f4010d5a6311624fb6f8631d5bf8bd9, type: 3}
      propertyPath: m_LocalEulerAnglesHint.x
      value: 0
      objectReference: {fileID: 0}
    - target: {fileID: 5502197793195400866, guid: 8f4010d5a6311624fb6f8631d5bf8bd9, type: 3}
      propertyPath: m_LocalEulerAnglesHint.y
      value: 0
      objectReference: {fileID: 0}
    - target: {fileID: 5502197793195400866, guid: 8f4010d5a6311624fb6f8631d5bf8bd9, type: 3}
      propertyPath: m_LocalEulerAnglesHint.z
      value: 0
      objectReference: {fileID: 0}
    m_RemovedComponents: []
  m_SourcePrefab: {fileID: 100100000, guid: 8f4010d5a6311624fb6f8631d5bf8bd9, type: 3}
--- !u!4 &841032355677794211 stripped
Transform:
  m_CorrespondingSourceObject: {fileID: 5502197793195400866, guid: 8f4010d5a6311624fb6f8631d5bf8bd9, type: 3}
  m_PrefabInstance: {fileID: 5183724281687798017}
  m_PrefabAsset: {fileID: 0}
--- !u!1001 &5609427593707233704
PrefabInstance:
  m_ObjectHideFlags: 0
  serializedVersion: 2
  m_Modification:
    m_TransformParent: {fileID: 5126600134317856070}
    m_Modifications:
    - target: {fileID: 5120710497782055960, guid: 8f4010d5a6311624fb6f8631d5bf8bd9, type: 3}
      propertyPath: m_Name
      value: Metallic_Coin01_Pure-Gold Variant (6)
      objectReference: {fileID: 0}
    - target: {fileID: 5120710497782055960, guid: 8f4010d5a6311624fb6f8631d5bf8bd9, type: 3}
      propertyPath: m_Layer
      value: 6
      objectReference: {fileID: 0}
    - target: {fileID: 5502197793195400866, guid: 8f4010d5a6311624fb6f8631d5bf8bd9, type: 3}
      propertyPath: m_RootOrder
      value: 19
      objectReference: {fileID: 0}
    - target: {fileID: 5502197793195400866, guid: 8f4010d5a6311624fb6f8631d5bf8bd9, type: 3}
      propertyPath: m_LocalScale.x
      value: 6.666667
      objectReference: {fileID: 0}
    - target: {fileID: 5502197793195400866, guid: 8f4010d5a6311624fb6f8631d5bf8bd9, type: 3}
      propertyPath: m_LocalScale.z
      value: 1
      objectReference: {fileID: 0}
    - target: {fileID: 5502197793195400866, guid: 8f4010d5a6311624fb6f8631d5bf8bd9, type: 3}
      propertyPath: m_LocalPosition.x
      value: -3.2
      objectReference: {fileID: 0}
    - target: {fileID: 5502197793195400866, guid: 8f4010d5a6311624fb6f8631d5bf8bd9, type: 3}
      propertyPath: m_LocalPosition.y
      value: 0
      objectReference: {fileID: 0}
    - target: {fileID: 5502197793195400866, guid: 8f4010d5a6311624fb6f8631d5bf8bd9, type: 3}
      propertyPath: m_LocalPosition.z
      value: -3
      objectReference: {fileID: 0}
    - target: {fileID: 5502197793195400866, guid: 8f4010d5a6311624fb6f8631d5bf8bd9, type: 3}
      propertyPath: m_LocalRotation.w
      value: 1
      objectReference: {fileID: 0}
    - target: {fileID: 5502197793195400866, guid: 8f4010d5a6311624fb6f8631d5bf8bd9, type: 3}
      propertyPath: m_LocalRotation.x
      value: -0
      objectReference: {fileID: 0}
    - target: {fileID: 5502197793195400866, guid: 8f4010d5a6311624fb6f8631d5bf8bd9, type: 3}
      propertyPath: m_LocalRotation.y
      value: -0
      objectReference: {fileID: 0}
    - target: {fileID: 5502197793195400866, guid: 8f4010d5a6311624fb6f8631d5bf8bd9, type: 3}
      propertyPath: m_LocalRotation.z
      value: -0
      objectReference: {fileID: 0}
    - target: {fileID: 5502197793195400866, guid: 8f4010d5a6311624fb6f8631d5bf8bd9, type: 3}
      propertyPath: m_LocalEulerAnglesHint.x
      value: 0
      objectReference: {fileID: 0}
    - target: {fileID: 5502197793195400866, guid: 8f4010d5a6311624fb6f8631d5bf8bd9, type: 3}
      propertyPath: m_LocalEulerAnglesHint.y
      value: 0
      objectReference: {fileID: 0}
    - target: {fileID: 5502197793195400866, guid: 8f4010d5a6311624fb6f8631d5bf8bd9, type: 3}
      propertyPath: m_LocalEulerAnglesHint.z
      value: 0
      objectReference: {fileID: 0}
    m_RemovedComponents: []
  m_SourcePrefab: {fileID: 100100000, guid: 8f4010d5a6311624fb6f8631d5bf8bd9, type: 3}
--- !u!4 &108942982008815370 stripped
Transform:
  m_CorrespondingSourceObject: {fileID: 5502197793195400866, guid: 8f4010d5a6311624fb6f8631d5bf8bd9, type: 3}
  m_PrefabInstance: {fileID: 5609427593707233704}
  m_PrefabAsset: {fileID: 0}
--- !u!1001 &6466447468181579394
PrefabInstance:
  m_ObjectHideFlags: 0
  serializedVersion: 2
  m_Modification:
    m_TransformParent: {fileID: 5126600134317856070}
    m_Modifications:
    - target: {fileID: 5120710497782055960, guid: 8f4010d5a6311624fb6f8631d5bf8bd9, type: 3}
      propertyPath: m_Name
      value: Metallic_Coin01_Pure-Gold Variant (1)
      objectReference: {fileID: 0}
    - target: {fileID: 5120710497782055960, guid: 8f4010d5a6311624fb6f8631d5bf8bd9, type: 3}
      propertyPath: m_Layer
      value: 6
      objectReference: {fileID: 0}
    - target: {fileID: 5502197793195400866, guid: 8f4010d5a6311624fb6f8631d5bf8bd9, type: 3}
      propertyPath: m_RootOrder
      value: 3
      objectReference: {fileID: 0}
    - target: {fileID: 5502197793195400866, guid: 8f4010d5a6311624fb6f8631d5bf8bd9, type: 3}
      propertyPath: m_LocalScale.x
      value: 6.666667
      objectReference: {fileID: 0}
    - target: {fileID: 5502197793195400866, guid: 8f4010d5a6311624fb6f8631d5bf8bd9, type: 3}
      propertyPath: m_LocalScale.z
      value: 1
      objectReference: {fileID: 0}
    - target: {fileID: 5502197793195400866, guid: 8f4010d5a6311624fb6f8631d5bf8bd9, type: 3}
      propertyPath: m_LocalPosition.x
      value: 0
      objectReference: {fileID: 0}
    - target: {fileID: 5502197793195400866, guid: 8f4010d5a6311624fb6f8631d5bf8bd9, type: 3}
      propertyPath: m_LocalPosition.y
      value: 0
      objectReference: {fileID: 0}
    - target: {fileID: 5502197793195400866, guid: 8f4010d5a6311624fb6f8631d5bf8bd9, type: 3}
      propertyPath: m_LocalPosition.z
      value: -4.7769194
      objectReference: {fileID: 0}
    - target: {fileID: 5502197793195400866, guid: 8f4010d5a6311624fb6f8631d5bf8bd9, type: 3}
      propertyPath: m_LocalRotation.w
      value: 1
      objectReference: {fileID: 0}
    - target: {fileID: 5502197793195400866, guid: 8f4010d5a6311624fb6f8631d5bf8bd9, type: 3}
      propertyPath: m_LocalRotation.x
      value: -0
      objectReference: {fileID: 0}
    - target: {fileID: 5502197793195400866, guid: 8f4010d5a6311624fb6f8631d5bf8bd9, type: 3}
      propertyPath: m_LocalRotation.y
      value: -0
      objectReference: {fileID: 0}
    - target: {fileID: 5502197793195400866, guid: 8f4010d5a6311624fb6f8631d5bf8bd9, type: 3}
      propertyPath: m_LocalRotation.z
      value: -0
      objectReference: {fileID: 0}
    - target: {fileID: 5502197793195400866, guid: 8f4010d5a6311624fb6f8631d5bf8bd9, type: 3}
      propertyPath: m_LocalEulerAnglesHint.x
      value: 0
      objectReference: {fileID: 0}
    - target: {fileID: 5502197793195400866, guid: 8f4010d5a6311624fb6f8631d5bf8bd9, type: 3}
      propertyPath: m_LocalEulerAnglesHint.y
      value: 0
      objectReference: {fileID: 0}
    - target: {fileID: 5502197793195400866, guid: 8f4010d5a6311624fb6f8631d5bf8bd9, type: 3}
      propertyPath: m_LocalEulerAnglesHint.z
      value: 0
      objectReference: {fileID: 0}
    m_RemovedComponents: []
  m_SourcePrefab: {fileID: 100100000, guid: 8f4010d5a6311624fb6f8631d5bf8bd9, type: 3}
--- !u!4 &1578181865715955744 stripped
Transform:
  m_CorrespondingSourceObject: {fileID: 5502197793195400866, guid: 8f4010d5a6311624fb6f8631d5bf8bd9, type: 3}
  m_PrefabInstance: {fileID: 6466447468181579394}
  m_PrefabAsset: {fileID: 0}
--- !u!1001 &6531086135913994022
PrefabInstance:
  m_ObjectHideFlags: 0
  serializedVersion: 2
  m_Modification:
    m_TransformParent: {fileID: 5126600134317856070}
    m_Modifications:
    - target: {fileID: 5120710497782055960, guid: 8f4010d5a6311624fb6f8631d5bf8bd9, type: 3}
      propertyPath: m_Name
      value: Metallic_Coin01_Pure-Gold Variant (5)
      objectReference: {fileID: 0}
    - target: {fileID: 5120710497782055960, guid: 8f4010d5a6311624fb6f8631d5bf8bd9, type: 3}
      propertyPath: m_Layer
      value: 6
      objectReference: {fileID: 0}
    - target: {fileID: 5502197793195400866, guid: 8f4010d5a6311624fb6f8631d5bf8bd9, type: 3}
      propertyPath: m_RootOrder
      value: 7
      objectReference: {fileID: 0}
    - target: {fileID: 5502197793195400866, guid: 8f4010d5a6311624fb6f8631d5bf8bd9, type: 3}
      propertyPath: m_LocalScale.x
      value: 6.666667
      objectReference: {fileID: 0}
    - target: {fileID: 5502197793195400866, guid: 8f4010d5a6311624fb6f8631d5bf8bd9, type: 3}
      propertyPath: m_LocalScale.z
      value: 1
      objectReference: {fileID: 0}
    - target: {fileID: 5502197793195400866, guid: 8f4010d5a6311624fb6f8631d5bf8bd9, type: 3}
      propertyPath: m_LocalPosition.x
      value: -3.2
      objectReference: {fileID: 0}
    - target: {fileID: 5502197793195400866, guid: 8f4010d5a6311624fb6f8631d5bf8bd9, type: 3}
      propertyPath: m_LocalPosition.y
      value: 0
      objectReference: {fileID: 0}
    - target: {fileID: 5502197793195400866, guid: 8f4010d5a6311624fb6f8631d5bf8bd9, type: 3}
      propertyPath: m_LocalPosition.z
      value: -4
      objectReference: {fileID: 0}
    - target: {fileID: 5502197793195400866, guid: 8f4010d5a6311624fb6f8631d5bf8bd9, type: 3}
      propertyPath: m_LocalRotation.w
      value: 1
      objectReference: {fileID: 0}
    - target: {fileID: 5502197793195400866, guid: 8f4010d5a6311624fb6f8631d5bf8bd9, type: 3}
      propertyPath: m_LocalRotation.x
      value: -0
      objectReference: {fileID: 0}
    - target: {fileID: 5502197793195400866, guid: 8f4010d5a6311624fb6f8631d5bf8bd9, type: 3}
      propertyPath: m_LocalRotation.y
      value: -0
      objectReference: {fileID: 0}
    - target: {fileID: 5502197793195400866, guid: 8f4010d5a6311624fb6f8631d5bf8bd9, type: 3}
      propertyPath: m_LocalRotation.z
      value: -0
      objectReference: {fileID: 0}
    - target: {fileID: 5502197793195400866, guid: 8f4010d5a6311624fb6f8631d5bf8bd9, type: 3}
      propertyPath: m_LocalEulerAnglesHint.x
      value: 0
      objectReference: {fileID: 0}
    - target: {fileID: 5502197793195400866, guid: 8f4010d5a6311624fb6f8631d5bf8bd9, type: 3}
      propertyPath: m_LocalEulerAnglesHint.y
      value: 0
      objectReference: {fileID: 0}
    - target: {fileID: 5502197793195400866, guid: 8f4010d5a6311624fb6f8631d5bf8bd9, type: 3}
      propertyPath: m_LocalEulerAnglesHint.z
      value: 0
      objectReference: {fileID: 0}
    m_RemovedComponents: []
  m_SourcePrefab: {fileID: 100100000, guid: 8f4010d5a6311624fb6f8631d5bf8bd9, type: 3}
--- !u!4 &1655265833724168580 stripped
Transform:
  m_CorrespondingSourceObject: {fileID: 5502197793195400866, guid: 8f4010d5a6311624fb6f8631d5bf8bd9, type: 3}
  m_PrefabInstance: {fileID: 6531086135913994022}
  m_PrefabAsset: {fileID: 0}
--- !u!1001 &7040121738818435025
PrefabInstance:
  m_ObjectHideFlags: 0
  serializedVersion: 2
  m_Modification:
    m_TransformParent: {fileID: 5126600134317856070}
    m_Modifications:
    - target: {fileID: 1653592809501206802, guid: 1e0b2d0ccca8ec047ae2bffcd0bd147a, type: 3}
      propertyPath: m_Materials.Array.data[0]
      value: 
      objectReference: {fileID: 2100000, guid: 5eb6248749e67e2498c8189e5247277f, type: 2}
    - target: {fileID: 3907565565089589852, guid: 1e0b2d0ccca8ec047ae2bffcd0bd147a, type: 3}
      propertyPath: m_Name
      value: Wall
      objectReference: {fileID: 0}
    - target: {fileID: 3907565565089589852, guid: 1e0b2d0ccca8ec047ae2bffcd0bd147a, type: 3}
      propertyPath: m_Layer
      value: 0
      objectReference: {fileID: 0}
    - target: {fileID: 7762352736506463871, guid: 1e0b2d0ccca8ec047ae2bffcd0bd147a, type: 3}
      propertyPath: m_RootOrder
      value: 0
      objectReference: {fileID: 0}
    - target: {fileID: 7762352736506463871, guid: 1e0b2d0ccca8ec047ae2bffcd0bd147a, type: 3}
      propertyPath: m_LocalScale.x
      value: 0.5
      objectReference: {fileID: 0}
    - target: {fileID: 7762352736506463871, guid: 1e0b2d0ccca8ec047ae2bffcd0bd147a, type: 3}
      propertyPath: m_LocalScale.z
      value: 10
      objectReference: {fileID: 0}
    - target: {fileID: 7762352736506463871, guid: 1e0b2d0ccca8ec047ae2bffcd0bd147a, type: 3}
      propertyPath: m_LocalPosition.x
      value: 5.26
      objectReference: {fileID: 0}
    - target: {fileID: 7762352736506463871, guid: 1e0b2d0ccca8ec047ae2bffcd0bd147a, type: 3}
      propertyPath: m_LocalPosition.y
      value: 2.5
      objectReference: {fileID: 0}
    - target: {fileID: 7762352736506463871, guid: 1e0b2d0ccca8ec047ae2bffcd0bd147a, type: 3}
      propertyPath: m_LocalPosition.z
      value: 0
      objectReference: {fileID: 0}
    - target: {fileID: 7762352736506463871, guid: 1e0b2d0ccca8ec047ae2bffcd0bd147a, type: 3}
      propertyPath: m_LocalRotation.w
      value: 1
      objectReference: {fileID: 0}
    - target: {fileID: 7762352736506463871, guid: 1e0b2d0ccca8ec047ae2bffcd0bd147a, type: 3}
      propertyPath: m_LocalRotation.x
      value: -0
      objectReference: {fileID: 0}
    - target: {fileID: 7762352736506463871, guid: 1e0b2d0ccca8ec047ae2bffcd0bd147a, type: 3}
      propertyPath: m_LocalRotation.y
      value: -0
      objectReference: {fileID: 0}
    - target: {fileID: 7762352736506463871, guid: 1e0b2d0ccca8ec047ae2bffcd0bd147a, type: 3}
      propertyPath: m_LocalRotation.z
      value: -0
      objectReference: {fileID: 0}
    - target: {fileID: 7762352736506463871, guid: 1e0b2d0ccca8ec047ae2bffcd0bd147a, type: 3}
      propertyPath: m_LocalEulerAnglesHint.x
      value: 0
      objectReference: {fileID: 0}
    - target: {fileID: 7762352736506463871, guid: 1e0b2d0ccca8ec047ae2bffcd0bd147a, type: 3}
      propertyPath: m_LocalEulerAnglesHint.y
      value: 0
      objectReference: {fileID: 0}
    - target: {fileID: 7762352736506463871, guid: 1e0b2d0ccca8ec047ae2bffcd0bd147a, type: 3}
      propertyPath: m_LocalEulerAnglesHint.z
      value: 0
      objectReference: {fileID: 0}
    m_RemovedComponents: []
  m_SourcePrefab: {fileID: 100100000, guid: 1e0b2d0ccca8ec047ae2bffcd0bd147a, type: 3}
--- !u!4 &723641121929490862 stripped
Transform:
  m_CorrespondingSourceObject: {fileID: 7762352736506463871, guid: 1e0b2d0ccca8ec047ae2bffcd0bd147a, type: 3}
  m_PrefabInstance: {fileID: 7040121738818435025}
  m_PrefabAsset: {fileID: 0}
--- !u!1001 &7049349657441942906
PrefabInstance:
  m_ObjectHideFlags: 0
  serializedVersion: 2
  m_Modification:
    m_TransformParent: {fileID: 5126600134317856070}
    m_Modifications:
    - target: {fileID: 5120710497782055960, guid: 8f4010d5a6311624fb6f8631d5bf8bd9, type: 3}
      propertyPath: m_Name
      value: Metallic_Coin01_Pure-Gold Variant
      objectReference: {fileID: 0}
    - target: {fileID: 5120710497782055960, guid: 8f4010d5a6311624fb6f8631d5bf8bd9, type: 3}
      propertyPath: m_Layer
      value: 6
      objectReference: {fileID: 0}
    - target: {fileID: 5502197793195400866, guid: 8f4010d5a6311624fb6f8631d5bf8bd9, type: 3}
      propertyPath: m_RootOrder
      value: 2
      objectReference: {fileID: 0}
    - target: {fileID: 5502197793195400866, guid: 8f4010d5a6311624fb6f8631d5bf8bd9, type: 3}
      propertyPath: m_LocalScale.x
      value: 6.666667
      objectReference: {fileID: 0}
    - target: {fileID: 5502197793195400866, guid: 8f4010d5a6311624fb6f8631d5bf8bd9, type: 3}
      propertyPath: m_LocalScale.z
      value: 1
      objectReference: {fileID: 0}
    - target: {fileID: 5502197793195400866, guid: 8f4010d5a6311624fb6f8631d5bf8bd9, type: 3}
      propertyPath: m_LocalPosition.x
      value: -3.2
      objectReference: {fileID: 0}
    - target: {fileID: 5502197793195400866, guid: 8f4010d5a6311624fb6f8631d5bf8bd9, type: 3}
      propertyPath: m_LocalPosition.y
      value: 0
      objectReference: {fileID: 0}
    - target: {fileID: 5502197793195400866, guid: 8f4010d5a6311624fb6f8631d5bf8bd9, type: 3}
      propertyPath: m_LocalPosition.z
      value: -4.7454944
      objectReference: {fileID: 0}
    - target: {fileID: 5502197793195400866, guid: 8f4010d5a6311624fb6f8631d5bf8bd9, type: 3}
      propertyPath: m_LocalRotation.w
      value: 1
      objectReference: {fileID: 0}
    - target: {fileID: 5502197793195400866, guid: 8f4010d5a6311624fb6f8631d5bf8bd9, type: 3}
      propertyPath: m_LocalRotation.x
      value: -0
      objectReference: {fileID: 0}
    - target: {fileID: 5502197793195400866, guid: 8f4010d5a6311624fb6f8631d5bf8bd9, type: 3}
      propertyPath: m_LocalRotation.y
      value: -0
      objectReference: {fileID: 0}
    - target: {fileID: 5502197793195400866, guid: 8f4010d5a6311624fb6f8631d5bf8bd9, type: 3}
      propertyPath: m_LocalRotation.z
      value: -0
      objectReference: {fileID: 0}
    - target: {fileID: 5502197793195400866, guid: 8f4010d5a6311624fb6f8631d5bf8bd9, type: 3}
      propertyPath: m_LocalEulerAnglesHint.x
      value: 0
      objectReference: {fileID: 0}
    - target: {fileID: 5502197793195400866, guid: 8f4010d5a6311624fb6f8631d5bf8bd9, type: 3}
      propertyPath: m_LocalEulerAnglesHint.y
      value: 0
      objectReference: {fileID: 0}
    - target: {fileID: 5502197793195400866, guid: 8f4010d5a6311624fb6f8631d5bf8bd9, type: 3}
      propertyPath: m_LocalEulerAnglesHint.z
      value: 0
      objectReference: {fileID: 0}
    m_RemovedComponents: []
  m_SourcePrefab: {fileID: 100100000, guid: 8f4010d5a6311624fb6f8631d5bf8bd9, type: 3}
--- !u!4 &3283099490910774232 stripped
Transform:
  m_CorrespondingSourceObject: {fileID: 5502197793195400866, guid: 8f4010d5a6311624fb6f8631d5bf8bd9, type: 3}
  m_PrefabInstance: {fileID: 7049349657441942906}
  m_PrefabAsset: {fileID: 0}
--- !u!1001 &7182167794552890534
PrefabInstance:
  m_ObjectHideFlags: 0
  serializedVersion: 2
  m_Modification:
    m_TransformParent: {fileID: 5126600134317856070}
    m_Modifications:
    - target: {fileID: 3749216148476129571, guid: 7a95049899ca9c743ae6c47cb1226d91, type: 3}
      propertyPath: m_RootOrder
      value: 11
      objectReference: {fileID: 0}
    - target: {fileID: 3749216148476129571, guid: 7a95049899ca9c743ae6c47cb1226d91, type: 3}
      propertyPath: m_LocalScale.x
      value: 333.33334
      objectReference: {fileID: 0}
    - target: {fileID: 3749216148476129571, guid: 7a95049899ca9c743ae6c47cb1226d91, type: 3}
      propertyPath: m_LocalScale.z
      value: 50
      objectReference: {fileID: 0}
    - target: {fileID: 3749216148476129571, guid: 7a95049899ca9c743ae6c47cb1226d91, type: 3}
      propertyPath: m_LocalPosition.x
      value: 19
      objectReference: {fileID: 0}
    - target: {fileID: 3749216148476129571, guid: 7a95049899ca9c743ae6c47cb1226d91, type: 3}
      propertyPath: m_LocalPosition.y
      value: -10
      objectReference: {fileID: 0}
    - target: {fileID: 3749216148476129571, guid: 7a95049899ca9c743ae6c47cb1226d91, type: 3}
      propertyPath: m_LocalPosition.z
      value: -3.43
      objectReference: {fileID: 0}
    - target: {fileID: 3749216148476129571, guid: 7a95049899ca9c743ae6c47cb1226d91, type: 3}
      propertyPath: m_LocalRotation.w
      value: 1
      objectReference: {fileID: 0}
    - target: {fileID: 3749216148476129571, guid: 7a95049899ca9c743ae6c47cb1226d91, type: 3}
      propertyPath: m_LocalRotation.x
      value: -0
      objectReference: {fileID: 0}
    - target: {fileID: 3749216148476129571, guid: 7a95049899ca9c743ae6c47cb1226d91, type: 3}
      propertyPath: m_LocalRotation.y
      value: -0
      objectReference: {fileID: 0}
    - target: {fileID: 3749216148476129571, guid: 7a95049899ca9c743ae6c47cb1226d91, type: 3}
      propertyPath: m_LocalRotation.z
      value: -0
      objectReference: {fileID: 0}
    - target: {fileID: 3749216148476129571, guid: 7a95049899ca9c743ae6c47cb1226d91, type: 3}
      propertyPath: m_LocalEulerAnglesHint.x
      value: 0
      objectReference: {fileID: 0}
    - target: {fileID: 3749216148476129571, guid: 7a95049899ca9c743ae6c47cb1226d91, type: 3}
      propertyPath: m_LocalEulerAnglesHint.y
      value: 0
      objectReference: {fileID: 0}
    - target: {fileID: 3749216148476129571, guid: 7a95049899ca9c743ae6c47cb1226d91, type: 3}
      propertyPath: m_LocalEulerAnglesHint.z
      value: 0
      objectReference: {fileID: 0}
    - target: {fileID: 3849476634166088038, guid: 7a95049899ca9c743ae6c47cb1226d91, type: 3}
      propertyPath: m_Layer
      value: 6
      objectReference: {fileID: 0}
    - target: {fileID: 4035575771814470828, guid: 7a95049899ca9c743ae6c47cb1226d91, type: 3}
      propertyPath: m_Layer
      value: 6
      objectReference: {fileID: 0}
    - target: {fileID: 4399677860397629823, guid: 7a95049899ca9c743ae6c47cb1226d91, type: 3}
      propertyPath: m_Layer
      value: 6
      objectReference: {fileID: 0}
    - target: {fileID: 4561078339701549977, guid: 7a95049899ca9c743ae6c47cb1226d91, type: 3}
      propertyPath: m_Name
      value: CubeForBackground 1 (2)
      objectReference: {fileID: 0}
    - target: {fileID: 4561078339701549977, guid: 7a95049899ca9c743ae6c47cb1226d91, type: 3}
      propertyPath: m_Layer
      value: 6
      objectReference: {fileID: 0}
    - target: {fileID: 6515430863076709844, guid: 7a95049899ca9c743ae6c47cb1226d91, type: 3}
      propertyPath: m_Layer
      value: 6
      objectReference: {fileID: 0}
    - target: {fileID: 6803705483389028251, guid: 7a95049899ca9c743ae6c47cb1226d91, type: 3}
      propertyPath: m_Layer
      value: 6
      objectReference: {fileID: 0}
    - target: {fileID: 7847549862887480419, guid: 7a95049899ca9c743ae6c47cb1226d91, type: 3}
      propertyPath: m_Layer
      value: 6
      objectReference: {fileID: 0}
    m_RemovedComponents: []
  m_SourcePrefab: {fileID: 100100000, guid: 7a95049899ca9c743ae6c47cb1226d91, type: 3}
--- !u!4 &6317366890826077573 stripped
Transform:
  m_CorrespondingSourceObject: {fileID: 3749216148476129571, guid: 7a95049899ca9c743ae6c47cb1226d91, type: 3}
  m_PrefabInstance: {fileID: 7182167794552890534}
  m_PrefabAsset: {fileID: 0}
